timestamp_utc,bid,ask,spread_usd_oz,spread_pips,market_open
2026-07-15 00:00:04,4052.30,4052.42,0.120,12.0,1
2026-07-15 00:00:09,4051.44,4051.56,0.120,12.0,1
2026-07-15 00:00:14,4051.43,4051.55,0.120,12.0,1
2026-07-15 00:00:19,4051.37,4051.49,0.120,12.0,1
2026-07-15 00:00:24,4051.48,4051.58,0.100,10.0,1
2026-07-15 00:00:29,4051.88,4051.98,0.100,10.0,1
2026-07-15 00:00:34,4052.16,4052.26,0.100,10.0,1
2026-07-15 00:00:39,4052.16,4052.25,0.090,9.0,1
2026-07-15 00:00:44,4052.36,4052.44,0.080,8.0,1
2026-07-15 00:00:49,4052.84,4052.95,0.110,11.0,1
2026-07-15 00:00:54,4052.83,4052.93,0.100,10.0,1
2026-07-15 00:00:59,4052.48,4052.59,0.110,11.0,1
2026-07-15 00:01:04,4052.63,4052.74,0.110,11.0,1
2026-07-15 00:01:09,4052.63,4052.73,0.100,10.0,1
2026-07-15 00:01:14,4052.84,4052.94,0.100,10.0,1
2026-07-15 00:01:19,4053.03,4053.13,0.100,10.0,1
2026-07-15 00:01:24,4052.65,4052.75,0.100,10.0,1
2026-07-15 00:01:29,4052.24,4052.34,0.100,10.0,1
2026-07-15 00:01:34,4051.90,4052.00,0.100,10.0,1
2026-07-15 00:01:39,4051.74,4051.83,0.090,9.0,1
2026-07-15 00:01:44,4051.66,4051.73,0.070,7.0,1
2026-07-15 00:01:49,4052.52,4052.64,0.120,12.0,1
2026-07-15 00:01:54,4052.47,4052.57,0.100,10.0,1
2026-07-15 00:01:59,4052.20,4052.30,0.100,10.0,1
2026-07-15 00:02:04,4052.36,4052.46,0.100,10.0,1
2026-07-15 00:02:09,4052.13,4052.21,0.080,8.0,1
2026-07-15 00:02:14,4053.26,4053.38,0.120,12.0,1
2026-07-15 00:02:19,4053.84,4053.96,0.120,12.0,1
2026-07-15 00:02:24,4053.82,4053.94,0.120,12.0,1
2026-07-15 00:02:29,4053.20,4053.32,0.120,12.0,1
2026-07-15 00:02:34,4053.44,4053.54,0.100,10.0,1
2026-07-15 00:02:39,4053.11,4053.18,0.070,7.0,1
2026-07-15 00:02:44,4052.78,4052.83,0.050,5.0,1
2026-07-15 00:02:49,4053.16,4053.27,0.110,11.0,1
2026-07-15 00:02:54,4052.98,4053.05,0.070,7.0,1
2026-07-15 00:02:59,4052.93,4052.98,0.050,5.0,1
2026-07-15 00:03:04,4053.41,4053.51,0.100,10.0,1
2026-07-15 00:03:09,4052.68,4052.80,0.120,12.0,1
2026-07-15 00:03:14,4052.76,4052.86,0.100,10.0,1
2026-07-15 00:03:19,4053.03,4053.10,0.070,7.0,1
2026-07-15 00:03:24,4053.35,4053.40,0.050,5.0,1
2026-07-15 00:03:29,4053.69,4053.74,0.050,5.0,1
2026-07-15 00:03:34,4053.74,4053.79,0.050,5.0,1
2026-07-15 00:03:39,4053.40,4053.45,0.050,5.0,1
2026-07-15 00:03:44,4054.00,4054.12,0.120,12.0,1
2026-07-15 00:03:49,4054.22,4054.32,0.100,10.0,1
2026-07-15 00:03:54,4054.98,4055.10,0.120,12.0,1
2026-07-15 00:03:59,4054.87,4054.98,0.110,11.0,1
2026-07-15 00:04:04,4054.92,4054.97,0.050,5.0,1
2026-07-15 00:04:09,4054.56,4054.68,0.120,12.0,1
2026-07-15 00:04:14,4055.79,4055.91,0.120,12.0,1
2026-07-15 00:04:19,4055.98,4056.10,0.120,12.0,1
2026-07-15 00:04:24,4055.87,4055.99,0.120,12.0,1
2026-07-15 00:04:29,4056.04,4056.14,0.100,10.0,1
2026-07-15 00:04:34,4055.86,4055.96,0.100,10.0,1
2026-07-15 00:04:39,4055.28,4055.40,0.120,12.0,1
2026-07-15 00:04:44,4055.27,4055.34,0.070,7.0,1
2026-07-15 00:04:49,4055.26,4055.38,0.120,12.0,1
2026-07-15 00:04:54,4054.85,4054.97,0.120,12.0,1
2026-07-15 00:04:59,4054.77,4054.89,0.120,12.0,1
2026-07-15 00:05:04,4054.60,4054.72,0.120,12.0,1
2026-07-15 00:05:09,4054.54,4054.64,0.100,10.0,1
2026-07-15 00:05:14,4054.72,4054.78,0.060,6.0,1
2026-07-15 00:05:19,4054.72,4054.84,0.120,12.0,1
2026-07-15 00:05:24,4054.78,4054.86,0.080,8.0,1
2026-07-15 00:05:29,4054.99,4055.06,0.070,7.0,1
2026-07-15 00:05:34,4054.07,4054.19,0.120,12.0,1
2026-07-15 00:05:39,4054.04,4054.16,0.120,12.0,1
2026-07-15 00:05:44,4054.34,4054.46,0.120,12.0,1
2026-07-15 00:05:49,4054.35,4054.44,0.090,9.0,1
2026-07-15 00:05:54,4053.71,4053.82,0.110,11.0,1
2026-07-15 00:05:59,4053.23,4053.32,0.090,9.0,1
2026-07-15 00:06:04,4053.78,4053.90,0.120,12.0,1
2026-07-15 00:06:09,4053.68,4053.78,0.100,10.0,1
2026-07-15 00:06:14,4052.93,4053.05,0.120,12.0,1
2026-07-15 00:06:19,4053.54,4053.66,0.120,12.0,1
2026-07-15 00:06:24,4054.35,4054.47,0.120,12.0,1
2026-07-15 00:06:29,4054.72,4054.82,0.100,10.0,1
2026-07-15 00:06:34,4054.93,4054.98,0.050,5.0,1
2026-07-15 00:06:39,4055.12,4055.18,0.060,6.0,1
2026-07-15 00:06:44,4055.34,4055.46,0.120,12.0,1
2026-07-15 00:06:49,4055.31,4055.42,0.110,11.0,1
2026-07-15 00:06:54,4055.20,4055.32,0.120,12.0,1
2026-07-15 00:06:59,4055.35,4055.47,0.120,12.0,1
2026-07-15 00:07:04,4055.02,4055.07,0.050,5.0,1
2026-07-15 00:07:09,4054.38,4054.45,0.070,7.0,1
2026-07-15 00:07:14,4055.07,4055.19,0.120,12.0,1
2026-07-15 00:07:19,4054.91,4055.03,0.120,12.0,1
2026-07-15 00:07:24,4055.08,4055.16,0.080,8.0,1
2026-07-15 00:07:29,4055.21,4055.29,0.080,8.0,1
2026-07-15 00:07:34,4055.18,4055.23,0.050,5.0,1
2026-07-15 00:07:39,4055.01,4055.06,0.050,5.0,1
2026-07-15 00:07:44,4055.41,4055.46,0.050,5.0,1
2026-07-15 00:07:49,4055.42,4055.47,0.050,5.0,1
2026-07-15 00:07:54,4055.34,4055.46,0.120,12.0,1
2026-07-15 00:07:59,4055.27,4055.35,0.080,8.0,1
2026-07-15 00:08:04,4054.26,4054.38,0.120,12.0,1
2026-07-15 00:08:09,4054.53,4054.65,0.120,12.0,1
2026-07-15 00:08:14,4054.50,4054.59,0.090,9.0,1
2026-07-15 00:08:19,4054.18,4054.26,0.080,8.0,1
2026-07-15 00:08:24,4054.18,4054.23,0.050,5.0,1
2026-07-15 00:08:29,4054.19,4054.24,0.050,5.0,1
2026-07-15 00:08:34,4053.87,4053.94,0.070,7.0,1
2026-07-15 00:08:39,4054.04,4054.09,0.050,5.0,1
2026-07-15 00:08:44,4054.27,4054.32,0.050,5.0,1
2026-07-15 00:08:49,4054.66,4054.78,0.120,12.0,1
2026-07-15 00:08:54,4054.31,4054.43,0.120,12.0,1
2026-07-15 00:08:59,4054.32,4054.38,0.060,6.0,1
2026-07-15 00:09:04,4054.32,4054.43,0.110,11.0,1
2026-07-15 00:09:09,4053.98,4054.06,0.080,8.0,1
2026-07-15 00:09:14,4053.50,4053.57,0.070,7.0,1
2026-07-15 00:09:19,4052.76,4052.83,0.070,7.0,1
2026-07-15 00:09:24,4052.84,4052.96,0.120,12.0,1
2026-07-15 00:09:29,4053.29,4053.41,0.120,12.0,1
2026-07-15 00:09:34,4052.95,4053.04,0.090,9.0,1
2026-07-15 00:09:39,4053.05,4053.17,0.120,12.0,1
2026-07-15 00:09:44,4053.65,4053.77,0.120,12.0,1
2026-07-15 00:09:49,4053.88,4053.93,0.050,5.0,1
2026-07-15 00:09:54,4054.26,4054.31,0.050,5.0,1
2026-07-15 00:09:59,4054.19,4054.24,0.050,5.0,1
2026-07-15 00:10:04,4053.70,4053.75,0.050,5.0,1
2026-07-15 00:10:09,4053.72,4053.79,0.070,7.0,1
2026-07-15 00:10:14,4053.24,4053.36,0.120,12.0,1
2026-07-15 00:10:19,4053.46,4053.57,0.110,11.0,1
2026-07-15 00:10:24,4054.08,4054.18,0.100,10.0,1
2026-07-15 00:10:29,4053.75,4053.85,0.100,10.0,1
2026-07-15 00:10:34,4053.94,4053.99,0.050,5.0,1
2026-07-15 00:10:39,4054.03,4054.08,0.050,5.0,1
2026-07-15 00:10:44,4054.33,4054.44,0.110,11.0,1
2026-07-15 00:10:49,4054.21,4054.32,0.110,11.0,1
2026-07-15 00:10:54,4053.82,4053.89,0.070,7.0,1
2026-07-15 00:10:59,4053.66,4053.71,0.050,5.0,1
2026-07-15 00:11:04,4053.44,4053.50,0.060,6.0,1
2026-07-15 00:11:09,4053.73,4053.85,0.120,12.0,1
2026-07-15 00:11:14,4053.24,4053.36,0.120,12.0,1
2026-07-15 00:11:19,4053.08,4053.20,0.120,12.0,1
2026-07-15 00:11:24,4053.49,4053.61,0.120,12.0,1
2026-07-15 00:11:29,4053.61,4053.73,0.120,12.0,1
2026-07-15 00:11:34,4053.34,4053.46,0.120,12.0,1
2026-07-15 00:11:39,4053.60,4053.65,0.050,5.0,1
2026-07-15 00:11:44,4054.31,4054.43,0.120,12.0,1
2026-07-15 00:11:49,4054.58,4054.69,0.110,11.0,1
2026-07-15 00:11:54,4054.82,4054.87,0.050,5.0,1
2026-07-15 00:11:59,4054.69,4054.74,0.050,5.0,1
2026-07-15 00:12:04,4054.21,4054.26,0.050,5.0,1
2026-07-15 00:12:09,4053.93,4054.01,0.080,8.0,1
2026-07-15 00:12:14,4053.50,4053.56,0.060,6.0,1
2026-07-15 00:12:19,4053.79,4053.84,0.050,5.0,1
2026-07-15 00:12:24,4053.53,4053.58,0.050,5.0,1
2026-07-15 00:12:29,4053.22,4053.34,0.120,12.0,1
2026-07-15 00:12:34,4053.25,4053.30,0.050,5.0,1
2026-07-15 00:12:39,4053.16,4053.21,0.050,5.0,1
2026-07-15 00:12:44,4053.02,4053.07,0.050,5.0,1
2026-07-15 00:12:49,4052.90,4052.98,0.080,8.0,1
2026-07-15 00:12:54,4052.66,4052.72,0.060,6.0,1
2026-07-15 00:12:59,4052.84,4052.92,0.080,8.0,1
2026-07-15 00:13:04,4052.75,4052.81,0.060,6.0,1
2026-07-15 00:13:09,4052.70,4052.76,0.060,6.0,1
2026-07-15 00:13:14,4052.64,4052.69,0.050,5.0,1
2026-07-15 00:13:19,4052.63,4052.69,0.060,6.0,1
2026-07-15 00:13:24,4052.85,4052.97,0.120,12.0,1
2026-07-15 00:13:29,4052.74,4052.86,0.120,12.0,1
2026-07-15 00:13:34,4053.07,4053.19,0.120,12.0,1
2026-07-15 00:13:39,4052.11,4052.23,0.120,12.0,1
2026-07-15 00:13:44,4051.94,4052.06,0.120,12.0,1
2026-07-15 00:13:49,4052.01,4052.10,0.090,9.0,1
2026-07-15 00:13:54,4052.37,4052.45,0.080,8.0,1
2026-07-15 00:13:59,4052.47,4052.52,0.050,5.0,1
2026-07-15 00:14:04,4051.99,4052.08,0.090,9.0,1
2026-07-15 00:14:09,4051.76,4051.83,0.070,7.0,1
2026-07-15 00:14:14,4051.69,4051.74,0.050,5.0,1
2026-07-15 00:14:19,4051.61,4051.66,0.050,5.0,1
2026-07-15 00:14:24,4051.47,4051.52,0.050,5.0,1
2026-07-15 00:14:29,4051.32,4051.43,0.110,11.0,1
2026-07-15 00:14:34,4051.48,4051.53,0.050,5.0,1
2026-07-15 00:14:39,4051.43,4051.55,0.120,12.0,1
2026-07-15 00:14:44,4051.36,4051.47,0.110,11.0,1
2026-07-15 00:14:49,4051.57,4051.67,0.100,10.0,1
2026-07-15 00:14:54,4051.58,4051.63,0.050,5.0,1
2026-07-15 00:14:59,4051.34,4051.39,0.050,5.0,1
2026-07-15 00:15:04,4052.72,4052.84,0.120,12.0,1
2026-07-15 00:15:09,4053.12,4053.24,0.120,12.0,1
2026-07-15 00:15:14,4052.96,4053.08,0.120,12.0,1
2026-07-15 00:15:19,4052.82,4052.90,0.080,8.0,1
2026-07-15 00:15:24,4052.87,4052.92,0.050,5.0,1
2026-07-15 00:15:29,4052.80,4052.85,0.050,5.0,1
2026-07-15 00:15:34,4052.81,4052.86,0.050,5.0,1
2026-07-15 00:15:39,4051.49,4051.61,0.120,12.0,1
2026-07-15 00:15:44,4052.83,4052.95,0.120,12.0,1
2026-07-15 00:15:49,4052.71,4052.83,0.120,12.0,1
2026-07-15 00:15:54,4053.38,4053.48,0.100,10.0,1
2026-07-15 00:15:59,4053.00,4053.10,0.100,10.0,1
2026-07-15 00:16:04,4053.13,4053.25,0.120,12.0,1
2026-07-15 00:16:09,4052.86,4052.95,0.090,9.0,1
2026-07-15 00:16:14,4052.56,4052.64,0.080,8.0,1
2026-07-15 00:16:19,4052.67,4052.75,0.080,8.0,1
2026-07-15 00:16:24,4052.50,4052.56,0.060,6.0,1
2026-07-15 00:16:29,4052.41,4052.46,0.050,5.0,1
2026-07-15 00:16:34,4052.56,4052.61,0.050,5.0,1
2026-07-15 00:16:39,4052.82,4052.87,0.050,5.0,1
2026-07-15 00:16:44,4052.77,4052.82,0.050,5.0,1
2026-07-15 00:16:49,4052.55,4052.60,0.050,5.0,1
2026-07-15 00:16:54,4052.58,4052.63,0.050,5.0,1
2026-07-15 00:16:59,4053.06,4053.15,0.090,9.0,1
2026-07-15 00:17:04,4052.74,4052.85,0.110,11.0,1
2026-07-15 00:17:09,4052.69,4052.77,0.080,8.0,1
2026-07-15 00:17:14,4052.57,4052.65,0.080,8.0,1
2026-07-15 00:17:19,4052.87,4052.97,0.100,10.0,1
2026-07-15 00:17:24,4052.76,4052.85,0.090,9.0,1
2026-07-15 00:17:29,4052.70,4052.80,0.100,10.0,1
2026-07-15 00:17:34,4052.99,4053.09,0.100,10.0,1
2026-07-15 00:17:39,4052.96,4053.04,0.080,8.0,1
2026-07-15 00:17:44,4052.88,4052.95,0.070,7.0,1
2026-07-15 00:17:49,4053.15,4053.23,0.080,8.0,1
2026-07-15 00:17:54,4053.11,4053.18,0.070,7.0,1
2026-07-15 00:17:59,4052.88,4052.99,0.110,11.0,1
2026-07-15 00:18:04,4052.75,4052.86,0.110,11.0,1
2026-07-15 00:18:09,4054.20,4054.32,0.120,12.0,1
2026-07-15 00:18:14,4054.40,4054.52,0.120,12.0,1
2026-07-15 00:18:19,4055.65,4055.77,0.120,12.0,1
2026-07-15 00:18:24,4055.61,4055.72,0.110,11.0,1
2026-07-15 00:18:29,4055.14,4055.26,0.120,12.0,1
2026-07-15 00:18:34,4056.11,4056.22,0.110,11.0,1
2026-07-15 00:18:39,4055.64,4055.76,0.120,12.0,1
2026-07-15 00:18:44,4054.26,4054.38,0.120,12.0,1
2026-07-15 00:18:49,4054.30,4054.40,0.100,10.0,1
2026-07-15 00:18:54,4054.31,4054.38,0.070,7.0,1
2026-07-15 00:18:59,4054.32,4054.37,0.050,5.0,1
2026-07-15 00:19:04,4053.84,4053.96,0.120,12.0,1
2026-07-15 00:19:09,4053.44,4053.56,0.120,12.0,1
2026-07-15 00:19:14,4053.02,4053.13,0.110,11.0,1
2026-07-15 00:19:19,4052.80,4052.89,0.090,9.0,1
2026-07-15 00:19:24,4052.84,4052.96,0.120,12.0,1
2026-07-15 00:19:29,4052.86,4052.93,0.070,7.0,1
2026-07-15 00:19:34,4052.81,4052.86,0.050,5.0,1
2026-07-15 00:19:39,4052.64,4052.69,0.050,5.0,1
2026-07-15 00:19:44,4052.54,4052.61,0.070,7.0,1
2026-07-15 00:19:49,4052.30,4052.35,0.050,5.0,1
2026-07-15 00:19:54,4052.17,4052.25,0.080,8.0,1
2026-07-15 00:19:59,4052.14,4052.21,0.070,7.0,1
2026-07-15 00:20:04,4051.84,4051.96,0.120,12.0,1
2026-07-15 00:20:09,4052.14,4052.26,0.120,12.0,1
2026-07-15 00:20:14,4051.84,4051.96,0.120,12.0,1
2026-07-15 00:20:19,4051.63,4051.74,0.110,11.0,1
2026-07-15 00:20:24,4051.95,4052.04,0.090,9.0,1
2026-07-15 00:20:29,4051.96,4052.03,0.070,7.0,1
2026-07-15 00:20:34,4052.52,4052.64,0.120,12.0,1
2026-07-15 00:20:39,4053.19,4053.31,0.120,12.0,1
2026-07-15 00:20:44,4052.80,4052.92,0.120,12.0,1
2026-07-15 00:20:49,4052.76,4052.85,0.090,9.0,1
2026-07-15 00:20:54,4052.59,4052.64,0.050,5.0,1
2026-07-15 00:20:59,4052.86,4052.91,0.050,5.0,1
2026-07-15 00:21:04,4052.38,4052.43,0.050,5.0,1
2026-07-15 00:21:09,4052.34,4052.39,0.050,5.0,1
2026-07-15 00:21:14,4052.35,4052.42,0.070,7.0,1
2026-07-15 00:21:19,4052.51,4052.56,0.050,5.0,1
2026-07-15 00:21:24,4052.64,4052.76,0.120,12.0,1
2026-07-15 00:21:29,4053.96,4054.08,0.120,12.0,1
2026-07-15 00:21:34,4054.28,4054.40,0.120,12.0,1
2026-07-15 00:21:39,4054.32,4054.44,0.120,12.0,1
2026-07-15 00:21:44,4054.36,4054.48,0.120,12.0,1
2026-07-15 00:21:49,4053.91,4053.96,0.050,5.0,1
2026-07-15 00:21:54,4053.80,4053.85,0.050,5.0,1
2026-07-15 00:21:59,4053.28,4053.40,0.120,12.0,1
2026-07-15 00:22:04,4053.27,4053.36,0.090,9.0,1
2026-07-15 00:22:09,4052.90,4052.95,0.050,5.0,1
2026-07-15 00:22:14,4052.74,4052.86,0.120,12.0,1
2026-07-15 00:22:19,4052.82,4052.94,0.120,12.0,1
2026-07-15 00:22:24,4053.13,4053.25,0.120,12.0,1
2026-07-15 00:22:29,4052.62,4052.72,0.100,10.0,1
2026-07-15 00:22:34,4053.23,4053.33,0.100,10.0,1
2026-07-15 00:22:39,4052.70,4052.77,0.070,7.0,1
2026-07-15 00:22:44,4053.95,4054.07,0.120,12.0,1
2026-07-15 00:22:49,4053.78,4053.88,0.100,10.0,1
2026-07-15 00:22:54,4053.52,4053.57,0.050,5.0,1
2026-07-15 00:22:59,4053.13,4053.18,0.050,5.0,1
2026-07-15 00:23:04,4053.07,4053.12,0.050,5.0,1
2026-07-15 00:23:09,4053.38,4053.43,0.050,5.0,1
2026-07-15 00:23:14,4052.94,4053.03,0.090,9.0,1
2026-07-15 00:23:19,4054.80,4054.92,0.120,12.0,1
2026-07-15 00:23:24,4055.26,4055.38,0.120,12.0,1
2026-07-15 00:23:29,4055.03,4055.15,0.120,12.0,1
2026-07-15 00:23:34,4055.25,4055.30,0.050,5.0,1
2026-07-15 00:23:39,4055.27,4055.39,0.120,12.0,1
2026-07-15 00:23:44,4056.08,4056.20,0.120,12.0,1
2026-07-15 00:23:49,4055.80,4055.92,0.120,12.0,1
2026-07-15 00:23:54,4055.69,4055.78,0.090,9.0,1
2026-07-15 00:23:59,4055.66,4055.71,0.050,5.0,1
2026-07-15 00:24:04,4055.47,4055.52,0.050,5.0,1
2026-07-15 00:24:09,4055.54,4055.59,0.050,5.0,1
2026-07-15 00:24:14,4055.93,4055.98,0.050,5.0,1
2026-07-15 00:24:19,4055.92,4055.97,0.050,5.0,1
2026-07-15 00:24:24,4055.97,4056.02,0.050,5.0,1
2026-07-15 00:24:29,4055.93,4055.98,0.050,5.0,1
2026-07-15 00:24:34,4055.93,4055.98,0.050,5.0,1
2026-07-15 00:24:39,4056.10,4056.15,0.050,5.0,1
2026-07-15 00:24:44,4056.01,4056.06,0.050,5.0,1
2026-07-15 00:24:49,4055.71,4055.76,0.050,5.0,1
2026-07-15 00:24:54,4055.77,4055.82,0.050,5.0,1
2026-07-15 00:24:59,4055.58,4055.64,0.060,6.0,1
2026-07-15 00:25:04,4055.79,4055.89,0.100,10.0,1
2026-07-15 00:25:09,4055.97,4056.09,0.120,12.0,1
2026-07-15 00:25:14,4056.15,4056.27,0.120,12.0,1
2026-07-15 00:25:19,4056.21,4056.31,0.100,10.0,1
2026-07-15 00:25:24,4056.28,4056.36,0.080,8.0,1
2026-07-15 00:25:29,4056.68,4056.78,0.100,10.0,1
2026-07-15 00:25:34,4056.21,4056.32,0.110,11.0,1
2026-07-15 00:25:39,4056.39,4056.50,0.110,11.0,1
2026-07-15 00:25:44,4056.49,4056.58,0.090,9.0,1
2026-07-15 00:25:49,4056.68,4056.78,0.100,10.0,1
2026-07-15 00:25:54,4056.40,4056.52,0.120,12.0,1
2026-07-15 00:25:59,4056.06,4056.15,0.090,9.0,1
2026-07-15 00:26:04,4056.00,4056.11,0.110,11.0,1
2026-07-15 00:26:09,4055.06,4055.16,0.100,10.0,1
2026-07-15 00:26:14,4055.26,4055.37,0.110,11.0,1
2026-07-15 00:26:19,4055.44,4055.53,0.090,9.0,1
2026-07-15 00:26:24,4055.90,4056.00,0.100,10.0,1
2026-07-15 00:26:29,4056.35,4056.47,0.120,12.0,1
2026-07-15 00:26:34,4056.22,4056.32,0.100,10.0,1
2026-07-15 00:26:39,4056.30,4056.37,0.070,7.0,1
2026-07-15 00:26:44,4056.38,4056.43,0.050,5.0,1
2026-07-15 00:26:49,4056.69,4056.79,0.100,10.0,1
2026-07-15 00:26:54,4056.84,4057.27,0.430,43.0,1
2026-07-15 00:26:59,4056.89,4057.00,0.110,11.0,1
2026-07-15 00:27:04,4056.70,4056.79,0.090,9.0,1
2026-07-15 00:27:09,4056.74,4056.81,0.070,7.0,1
2026-07-15 00:27:14,4056.72,4056.82,0.100,10.0,1
2026-07-15 00:27:19,4056.62,4056.72,0.100,10.0,1
2026-07-15 00:27:24,4056.57,4056.66,0.090,9.0,1
2026-07-15 00:27:29,4056.63,4056.72,0.090,9.0,1
2026-07-15 00:27:34,4056.76,4056.84,0.080,8.0,1
2026-07-15 00:27:39,4056.74,4056.83,0.090,9.0,1
2026-07-15 00:27:44,4056.60,4056.70,0.100,10.0,1
2026-07-15 00:27:49,4056.75,4056.87,0.120,12.0,1
2026-07-15 00:27:54,4057.19,4057.31,0.120,12.0,1
2026-07-15 00:27:59,4057.22,4057.34,0.120,12.0,1
2026-07-15 00:28:04,4056.29,4056.41,0.120,12.0,1
2026-07-15 00:28:09,4056.17,4056.29,0.120,12.0,1
2026-07-15 00:28:14,4056.51,4056.63,0.120,12.0,1
2026-07-15 00:28:19,4056.68,4056.78,0.100,10.0,1
2026-07-15 00:28:24,4056.89,4056.99,0.100,10.0,1
2026-07-15 00:28:29,4056.91,4056.99,0.080,8.0,1
2026-07-15 00:28:34,4056.91,4056.96,0.050,5.0,1
2026-07-15 00:28:39,4056.71,4056.76,0.050,5.0,1
2026-07-15 00:28:44,4057.20,4057.32,0.120,12.0,1
2026-07-15 00:28:49,4057.07,4057.19,0.120,12.0,1
2026-07-15 00:28:54,4057.06,4057.12,0.060,6.0,1
2026-07-15 00:28:59,4057.35,4057.46,0.110,11.0,1
2026-07-15 00:29:04,4057.40,4057.49,0.090,9.0,1
2026-07-15 00:29:09,4057.51,4057.59,0.080,8.0,1
2026-07-15 00:29:14,4057.44,4057.49,0.050,5.0,1
2026-07-15 00:29:19,4057.33,4057.39,0.060,6.0,1
2026-07-15 00:29:24,4057.86,4057.98,0.120,12.0,1
2026-07-15 00:29:29,4057.68,4057.79,0.110,11.0,1
2026-07-15 00:29:34,4057.94,4058.06,0.120,12.0,1
2026-07-15 00:29:39,4057.81,4057.93,0.120,12.0,1
2026-07-15 00:29:44,4057.73,4057.85,0.120,12.0,1
2026-07-15 00:29:49,4057.93,4057.99,0.060,6.0,1
2026-07-15 00:29:54,4057.86,4057.91,0.050,5.0,1
2026-07-15 00:29:59,4058.10,4058.22,0.120,12.0,1
2026-07-15 00:30:04,4057.87,4057.99,0.120,12.0,1
2026-07-15 00:30:09,4057.82,4057.94,0.120,12.0,1
2026-07-15 00:30:14,4057.35,4057.41,0.060,6.0,1
2026-07-15 00:30:19,4057.26,4057.38,0.120,12.0,1
2026-07-15 00:30:24,4057.35,4057.44,0.090,9.0,1
2026-07-15 00:30:29,4056.76,4056.85,0.090,9.0,1
2026-07-15 00:30:34,4056.59,4056.71,0.120,12.0,1
2026-07-15 00:30:39,4056.49,4056.54,0.050,5.0,1
2026-07-15 00:30:44,4056.56,4056.61,0.050,5.0,1
2026-07-15 00:30:49,4056.61,4056.66,0.050,5.0,1
2026-07-15 00:30:54,4056.75,4056.81,0.060,6.0,1
2026-07-15 00:30:59,4056.88,4056.96,0.080,8.0,1
2026-07-15 00:31:04,4056.40,4056.52,0.120,12.0,1
2026-07-15 00:31:09,4056.39,4056.51,0.120,12.0,1
2026-07-15 00:31:14,4056.28,4056.33,0.050,5.0,1
2026-07-15 00:31:19,4056.27,4056.32,0.050,5.0,1
2026-07-15 00:31:24,4055.88,4055.93,0.050,5.0,1
2026-07-15 00:31:29,4056.10,4056.15,0.050,5.0,1
2026-07-15 00:31:34,4055.82,4055.94,0.120,12.0,1
2026-07-15 00:31:39,4055.69,4055.81,0.120,12.0,1
2026-07-15 00:31:44,4055.57,4055.68,0.110,11.0,1
2026-07-15 00:31:49,4055.68,4055.80,0.120,12.0,1
2026-07-15 00:31:54,4055.95,4056.00,0.050,5.0,1
2026-07-15 00:31:59,4055.94,4055.99,0.050,5.0,1
2026-07-15 00:32:04,4056.67,4056.74,0.070,7.0,1
2026-07-15 00:32:09,4056.96,4057.08,0.120,12.0,1
2026-07-15 00:32:14,4057.09,4057.19,0.100,10.0,1
2026-07-15 00:32:19,4056.95,4057.02,0.070,7.0,1
2026-07-15 00:32:24,4057.38,4057.43,0.050,5.0,1
2026-07-15 00:32:29,4057.08,4057.18,0.100,10.0,1
2026-07-15 00:32:34,4057.17,4057.22,0.050,5.0,1
2026-07-15 00:32:39,4057.02,4057.07,0.050,5.0,1
2026-07-15 00:32:44,4056.95,4057.00,0.050,5.0,1
2026-07-15 00:32:49,4056.99,4057.04,0.050,5.0,1
2026-07-15 00:32:54,4056.70,4056.75,0.050,5.0,1
2026-07-15 00:32:59,4056.49,4056.56,0.070,7.0,1
2026-07-15 00:33:04,4056.19,4056.31,0.120,12.0,1
2026-07-15 00:33:09,4055.72,4055.81,0.090,9.0,1
2026-07-15 00:33:14,4055.50,4055.62,0.120,12.0,1
2026-07-15 00:33:19,4056.07,4056.19,0.120,12.0,1
2026-07-15 00:33:24,4055.94,4056.06,0.120,12.0,1
2026-07-15 00:33:29,4055.98,4056.10,0.120,12.0,1
2026-07-15 00:33:34,4055.93,4055.98,0.050,5.0,1
2026-07-15 00:33:39,4055.86,4055.93,0.070,7.0,1
2026-07-15 00:33:44,4055.83,4055.88,0.050,5.0,1
2026-07-15 00:33:49,4055.76,4055.83,0.070,7.0,1
2026-07-15 00:33:54,4055.55,4055.60,0.050,5.0,1
2026-07-15 00:33:59,4055.56,4055.61,0.050,5.0,1
2026-07-15 00:34:04,4055.54,4055.59,0.050,5.0,1
2026-07-15 00:34:09,4055.46,4055.51,0.050,5.0,1
2026-07-15 00:34:14,4055.56,4055.61,0.050,5.0,1
2026-07-15 00:34:19,4056.22,4056.27,0.050,5.0,1
2026-07-15 00:34:24,4056.23,4056.35,0.120,12.0,1
2026-07-15 00:34:29,4056.29,4056.41,0.120,12.0,1
2026-07-15 00:34:34,4056.21,4056.29,0.080,8.0,1
2026-07-15 00:34:39,4056.03,4056.11,0.080,8.0,1
2026-07-15 00:34:44,4055.95,4056.00,0.050,5.0,1
2026-07-15 00:34:49,4055.89,4055.94,0.050,5.0,1
2026-07-15 00:34:54,4055.76,4055.81,0.050,5.0,1
2026-07-15 00:34:59,4055.80,4055.85,0.050,5.0,1
2026-07-15 00:35:04,4056.13,4056.25,0.120,12.0,1
2026-07-15 00:35:09,4055.68,4055.80,0.120,12.0,1
2026-07-15 00:35:14,4055.17,4055.29,0.120,12.0,1
2026-07-15 00:35:19,4055.38,4055.50,0.120,12.0,1
2026-07-15 00:35:24,4055.39,4055.47,0.080,8.0,1
2026-07-15 00:35:29,4055.08,4055.19,0.110,11.0,1
2026-07-15 00:35:34,4054.98,4055.05,0.070,7.0,1
2026-07-15 00:35:39,4054.99,4055.04,0.050,5.0,1
2026-07-15 00:35:44,4054.70,4054.80,0.100,10.0,1
2026-07-15 00:35:49,4054.75,4054.80,0.050,5.0,1
2026-07-15 00:35:54,4054.86,4054.96,0.100,10.0,1
2026-07-15 00:35:59,4054.88,4054.96,0.080,8.0,1
2026-07-15 00:36:04,4054.56,4054.67,0.110,11.0,1
2026-07-15 00:36:09,4054.36,4054.48,0.120,12.0,1
2026-07-15 00:36:14,4054.24,4054.35,0.110,11.0,1
2026-07-15 00:36:19,4053.99,4054.08,0.090,9.0,1
2026-07-15 00:36:24,4054.03,4054.15,0.120,12.0,1
2026-07-15 00:36:29,4054.23,4054.29,0.060,6.0,1
2026-07-15 00:36:34,4054.44,4054.56,0.120,12.0,1
2026-07-15 00:36:39,4054.33,4054.45,0.120,12.0,1
2026-07-15 00:36:44,4053.98,4054.07,0.090,9.0,1
2026-07-15 00:36:49,4053.76,4053.88,0.120,12.0,1
2026-07-15 00:36:54,4053.52,4053.64,0.120,12.0,1
2026-07-15 00:36:59,4053.64,4053.76,0.120,12.0,1
2026-07-15 00:37:04,4053.33,4053.38,0.050,5.0,1
2026-07-15 00:37:09,4052.25,4052.37,0.120,12.0,1
2026-07-15 00:37:14,4052.70,4052.82,0.120,12.0,1
2026-07-15 00:37:19,4053.08,4053.20,0.120,12.0,1
2026-07-15 00:37:24,4053.15,4053.22,0.070,7.0,1
2026-07-15 00:37:29,4053.30,4053.35,0.050,5.0,1
2026-07-15 00:37:34,4053.34,4053.39,0.050,5.0,1
2026-07-15 00:37:39,4053.10,4053.15,0.050,5.0,1
2026-07-15 00:37:44,4053.17,4053.22,0.050,5.0,1
2026-07-15 00:37:49,4053.91,4054.03,0.120,12.0,1
2026-07-15 00:37:54,4053.84,4053.96,0.120,12.0,1
2026-07-15 00:37:59,4053.89,4053.94,0.050,5.0,1
2026-07-15 00:38:04,4053.96,4054.01,0.050,5.0,1
2026-07-15 00:38:09,4054.26,4054.31,0.050,5.0,1
2026-07-15 00:38:14,4054.50,4054.62,0.120,12.0,1
2026-07-15 00:38:19,4055.07,4055.19,0.120,12.0,1
2026-07-15 00:38:24,4055.09,4055.21,0.120,12.0,1
2026-07-15 00:38:29,4054.96,4055.08,0.120,12.0,1
2026-07-15 00:38:34,4054.95,4055.04,0.090,9.0,1
2026-07-15 00:38:39,4055.19,4055.30,0.110,11.0,1
2026-07-15 00:38:44,4055.25,4055.31,0.060,6.0,1
2026-07-15 00:38:49,4055.09,4055.21,0.120,12.0,1
2026-07-15 00:38:54,4055.28,4055.33,0.050,5.0,1
2026-07-15 00:38:59,4055.24,4055.29,0.050,5.0,1
2026-07-15 00:39:04,4054.89,4055.01,0.120,12.0,1
2026-07-15 00:39:09,4054.39,4054.51,0.120,12.0,1
2026-07-15 00:39:14,4054.42,4054.54,0.120,12.0,1
2026-07-15 00:39:19,4053.95,4054.04,0.090,9.0,1
2026-07-15 00:39:24,4053.91,4053.96,0.050,5.0,1
2026-07-15 00:39:29,4053.18,4053.23,0.050,5.0,1
2026-07-15 00:39:34,4053.16,4053.21,0.050,5.0,1
2026-07-15 00:39:39,4054.39,4054.51,0.120,12.0,1
2026-07-15 00:39:44,4054.33,4054.45,0.120,12.0,1
2026-07-15 00:39:49,4054.30,4054.36,0.060,6.0,1
2026-07-15 00:39:54,4054.28,4054.37,0.090,9.0,1
2026-07-15 00:39:59,4054.25,4054.34,0.090,9.0,1
2026-07-15 00:40:04,4054.20,4054.25,0.050,5.0,1
2026-07-15 00:40:09,4054.28,4054.33,0.050,5.0,1
2026-07-15 00:40:14,4054.56,4054.61,0.050,5.0,1
2026-07-15 00:40:19,4054.46,4054.51,0.050,5.0,1
2026-07-15 00:40:24,4054.44,4054.49,0.050,5.0,1
2026-07-15 00:40:29,4054.55,4054.60,0.050,5.0,1
2026-07-15 00:40:34,4054.76,4054.81,0.050,5.0,1
2026-07-15 00:40:39,4054.57,4054.62,0.050,5.0,1
2026-07-15 00:40:44,4054.43,4054.48,0.050,5.0,1
2026-07-15 00:40:49,4054.13,4054.18,0.050,5.0,1
2026-07-15 00:40:54,4054.43,4054.48,0.050,5.0,1
2026-07-15 00:40:59,4054.16,4054.28,0.120,12.0,1
2026-07-15 00:41:04,4054.05,4054.15,0.100,10.0,1
2026-07-15 00:41:09,4054.20,4054.29,0.090,9.0,1
2026-07-15 00:41:14,4054.10,4054.16,0.060,6.0,1
2026-07-15 00:41:19,4054.14,4054.19,0.050,5.0,1
2026-07-15 00:41:24,4053.67,4053.79,0.120,12.0,1
2026-07-15 00:41:29,4054.11,4054.23,0.120,12.0,1
2026-07-15 00:41:34,4053.93,4054.05,0.120,12.0,1
2026-07-15 00:41:39,4053.65,4053.73,0.080,8.0,1
2026-07-15 00:41:44,4053.69,4053.74,0.050,5.0,1
2026-07-15 00:41:49,4053.40,4053.52,0.120,12.0,1
2026-07-15 00:41:54,4053.39,4053.51,0.120,12.0,1
2026-07-15 00:41:59,4053.36,4053.43,0.070,7.0,1
2026-07-15 00:42:04,4053.16,4053.23,0.070,7.0,1
2026-07-15 00:42:09,4053.19,4053.26,0.070,7.0,1
2026-07-15 00:42:14,4053.28,4053.38,0.100,10.0,1
2026-07-15 00:42:19,4053.25,4053.37,0.120,12.0,1
2026-07-15 00:42:24,4053.46,4053.58,0.120,12.0,1
2026-07-15 00:42:29,4053.84,4053.96,0.120,12.0,1
2026-07-15 00:42:34,4054.21,4054.33,0.120,12.0,1
2026-07-15 00:42:39,4054.13,4054.24,0.110,11.0,1
2026-07-15 00:42:44,4054.36,4054.48,0.120,12.0,1
2026-07-15 00:42:49,4053.93,4054.05,0.120,12.0,1
2026-07-15 00:42:54,4053.58,4053.67,0.090,9.0,1
2026-07-15 00:42:59,4053.95,4054.00,0.050,5.0,1
2026-07-15 00:43:04,4053.83,4053.93,0.100,10.0,1
2026-07-15 00:43:09,4053.81,4053.89,0.080,8.0,1
2026-07-15 00:43:14,4053.61,4053.66,0.050,5.0,1
2026-07-15 00:43:19,4053.35,4053.46,0.110,11.0,1
2026-07-15 00:43:24,4053.52,4053.58,0.060,6.0,1
2026-07-15 00:43:29,4053.49,4053.54,0.050,5.0,1
2026-07-15 00:43:34,4053.30,4053.39,0.090,9.0,1
2026-07-15 00:43:39,4052.97,4053.09,0.120,12.0,1
2026-07-15 00:43:44,4053.39,4053.51,0.120,12.0,1
2026-07-15 00:43:49,4053.40,4053.52,0.120,12.0,1
2026-07-15 00:43:54,4053.64,4053.76,0.120,12.0,1
2026-07-15 00:43:59,4053.57,4053.62,0.050,5.0,1
2026-07-15 00:44:04,4054.05,4054.10,0.050,5.0,1
2026-07-15 00:44:09,4054.41,4054.52,0.110,11.0,1
2026-07-15 00:44:14,4054.24,4054.36,0.120,12.0,1
2026-07-15 00:44:19,4054.26,4054.31,0.050,5.0,1
2026-07-15 00:44:24,4054.33,4054.38,0.050,5.0,1
2026-07-15 00:44:29,4054.38,4054.43,0.050,5.0,1
2026-07-15 00:44:34,4054.63,4054.68,0.050,5.0,1
2026-07-15 00:44:39,4054.37,4054.42,0.050,5.0,1
2026-07-15 00:44:44,4054.55,4054.60,0.050,5.0,1
2026-07-15 00:44:49,4054.40,4054.45,0.050,5.0,1
2026-07-15 00:44:54,4054.42,4054.47,0.050,5.0,1
2026-07-15 00:44:59,4054.59,4054.68,0.090,9.0,1
2026-07-15 00:45:04,4054.32,4054.42,0.100,10.0,1
2026-07-15 00:45:09,4055.16,4055.28,0.120,12.0,1
2026-07-15 00:45:14,4055.39,4055.51,0.120,12.0,1
2026-07-15 00:45:19,4055.37,4055.49,0.120,12.0,1
2026-07-15 00:45:24,4055.44,4055.51,0.070,7.0,1
2026-07-15 00:45:29,4055.41,4055.47,0.060,6.0,1
2026-07-15 00:45:34,4055.65,4055.70,0.050,5.0,1
2026-07-15 00:45:39,4055.44,4055.51,0.070,7.0,1
2026-07-15 00:45:44,4055.55,4055.67,0.120,12.0,1
2026-07-15 00:45:49,4055.77,4055.82,0.050,5.0,1
2026-07-15 00:45:54,4055.57,4055.62,0.050,5.0,1
2026-07-15 00:45:59,4055.87,4055.99,0.120,12.0,1
2026-07-15 00:46:04,4055.62,4055.71,0.090,9.0,1
2026-07-15 00:46:09,4055.64,4055.71,0.070,7.0,1
2026-07-15 00:46:14,4055.67,4055.72,0.050,5.0,1
2026-07-15 00:46:19,4055.55,4055.60,0.050,5.0,1
2026-07-15 00:46:24,4055.23,4055.28,0.050,5.0,1
2026-07-15 00:46:29,4055.32,4055.37,0.050,5.0,1
2026-07-15 00:46:34,4055.31,4055.36,0.050,5.0,1
2026-07-15 00:46:39,4055.07,4055.12,0.050,5.0,1
2026-07-15 00:46:44,4055.11,4055.19,0.080,8.0,1
2026-07-15 00:46:49,4055.51,4055.56,0.050,5.0,1
2026-07-15 00:46:54,4055.73,4055.85,0.120,12.0,1
2026-07-15 00:46:59,4055.76,4055.87,0.110,11.0,1
2026-07-15 00:47:04,4055.98,4056.10,0.120,12.0,1
2026-07-15 00:47:09,4056.02,4056.10,0.080,8.0,1
2026-07-15 00:47:14,4055.85,4055.93,0.080,8.0,1
2026-07-15 00:47:19,4055.80,4055.85,0.050,5.0,1
2026-07-15 00:47:24,4055.97,4056.02,0.050,5.0,1
2026-07-15 00:47:29,4056.63,4056.74,0.110,11.0,1
2026-07-15 00:47:34,4056.85,4056.97,0.120,12.0,1
2026-07-15 00:47:39,4056.64,4056.74,0.100,10.0,1
2026-07-15 00:47:44,4056.67,4056.72,0.050,5.0,1
2026-07-15 00:47:49,4056.83,4056.88,0.050,5.0,1
2026-07-15 00:47:54,4056.73,4056.81,0.080,8.0,1
2026-07-15 00:47:59,4056.75,4056.80,0.050,5.0,1
2026-07-15 00:48:04,4056.46,4056.58,0.120,12.0,1
2026-07-15 00:48:09,4056.53,4056.62,0.090,9.0,1
2026-07-15 00:48:14,4055.89,4055.97,0.080,8.0,1
2026-07-15 00:48:19,4055.78,4055.83,0.050,5.0,1
2026-07-15 00:48:24,4055.53,4055.59,0.060,6.0,1
2026-07-15 00:48:29,4055.48,4055.53,0.050,5.0,1
2026-07-15 00:48:34,4055.09,4055.21,0.120,12.0,1
2026-07-15 00:48:39,4055.43,4055.55,0.120,12.0,1
2026-07-15 00:48:44,4055.37,4055.49,0.120,12.0,1
2026-07-15 00:48:49,4055.40,4055.49,0.090,9.0,1
2026-07-15 00:48:54,4055.12,4055.20,0.080,8.0,1
2026-07-15 00:48:59,4055.09,4055.14,0.050,5.0,1
2026-07-15 00:49:04,4055.15,4055.20,0.050,5.0,1
2026-07-15 00:49:09,4055.38,4055.50,0.120,12.0,1
2026-07-15 00:49:14,4054.91,4055.03,0.120,12.0,1
2026-07-15 00:49:19,4054.80,4054.92,0.120,12.0,1
2026-07-15 00:49:24,4054.88,4055.00,0.120,12.0,1
2026-07-15 00:49:29,4054.92,4054.99,0.070,7.0,1
2026-07-15 00:49:34,4054.79,4054.89,0.100,10.0,1
2026-07-15 00:49:39,4055.31,4055.43,0.120,12.0,1
2026-07-15 00:49:44,4055.15,4055.27,0.120,12.0,1
2026-07-15 00:49:49,4055.18,4055.30,0.120,12.0,1
2026-07-15 00:49:54,4054.66,4054.76,0.100,10.0,1
2026-07-15 00:49:59,4055.02,4055.09,0.070,7.0,1
2026-07-15 00:50:04,4055.04,4055.14,0.100,10.0,1
2026-07-15 00:50:09,4054.85,4054.93,0.080,8.0,1
2026-07-15 00:50:14,4055.19,4055.31,0.120,12.0,1
2026-07-15 00:50:19,4055.03,4055.12,0.090,9.0,1
2026-07-15 00:50:24,4055.26,4055.36,0.100,10.0,1
2026-07-15 00:50:29,4055.39,4055.46,0.070,7.0,1
2026-07-15 00:50:34,4055.37,4055.47,0.100,10.0,1
2026-07-15 00:50:39,4055.41,4055.48,0.070,7.0,1
2026-07-15 00:50:44,4055.63,4055.73,0.100,10.0,1
2026-07-15 00:50:49,4056.06,4056.14,0.080,8.0,1
2026-07-15 00:50:54,4056.24,4056.35,0.110,11.0,1
2026-07-15 00:50:59,4056.26,4056.37,0.110,11.0,1
2026-07-15 00:51:04,4055.99,4056.08,0.090,9.0,1
2026-07-15 00:51:09,4055.68,4055.73,0.050,5.0,1
2026-07-15 00:51:14,4055.78,4055.88,0.100,10.0,1
2026-07-15 00:51:19,4055.91,4056.03,0.120,12.0,1
2026-07-15 00:51:24,4055.78,4055.88,0.100,10.0,1
2026-07-15 00:51:29,4055.51,4055.60,0.090,9.0,1
2026-07-15 00:51:34,4055.49,4055.55,0.060,6.0,1
2026-07-15 00:51:39,4055.03,4055.15,0.120,12.0,1
2026-07-15 00:51:44,4054.94,4055.06,0.120,12.0,1
2026-07-15 00:51:49,4055.21,4055.28,0.070,7.0,1
2026-07-15 00:51:54,4055.28,4055.39,0.110,11.0,1
2026-07-15 00:51:59,4055.40,4055.45,0.050,5.0,1
2026-07-15 00:52:04,4055.65,4055.70,0.050,5.0,1
2026-07-15 00:52:09,4055.84,4055.89,0.050,5.0,1
2026-07-15 00:52:14,4056.27,4056.32,0.050,5.0,1
2026-07-15 00:52:19,4056.07,4056.16,0.090,9.0,1
2026-07-15 00:52:24,4056.20,4056.26,0.060,6.0,1
2026-07-15 00:52:29,4056.11,4056.17,0.060,6.0,1
2026-07-15 00:52:34,4056.23,4056.35,0.120,12.0,1
2026-07-15 00:52:39,4056.18,4056.26,0.080,8.0,1
2026-07-15 00:52:44,4056.86,4056.98,0.120,12.0,1
2026-07-15 00:52:49,4056.83,4056.95,0.120,12.0,1
2026-07-15 00:52:54,4056.70,4056.82,0.120,12.0,1
2026-07-15 00:52:59,4056.85,4056.96,0.110,11.0,1
2026-07-15 00:53:04,4056.79,4056.84,0.050,5.0,1
2026-07-15 00:53:09,4056.93,4056.98,0.050,5.0,1
2026-07-15 00:53:14,4056.79,4056.84,0.050,5.0,1
2026-07-15 00:53:19,4056.86,4056.91,0.050,5.0,1
2026-07-15 00:53:24,4056.82,4056.87,0.050,5.0,1
2026-07-15 00:53:29,4056.65,4056.70,0.050,5.0,1
2026-07-15 00:53:34,4056.36,4056.43,0.070,7.0,1
2026-07-15 00:53:39,4056.51,4056.57,0.060,6.0,1
2026-07-15 00:53:44,4056.60,4056.72,0.120,12.0,1
2026-07-15 00:53:49,4056.89,4057.01,0.120,12.0,1
2026-07-15 00:53:54,4056.91,4056.98,0.070,7.0,1
2026-07-15 00:53:59,4056.88,4056.93,0.050,5.0,1
2026-07-15 00:54:04,4056.70,4056.75,0.050,5.0,1
2026-07-15 00:54:09,4056.64,4056.74,0.100,10.0,1
2026-07-15 00:54:14,4057.23,4057.35,0.120,12.0,1
2026-07-15 00:54:19,4057.61,4057.73,0.120,12.0,1
2026-07-15 00:54:24,4057.24,4057.36,0.120,12.0,1
2026-07-15 00:54:29,4057.30,4057.38,0.080,8.0,1
2026-07-15 00:54:34,4057.47,4057.57,0.100,10.0,1
2026-07-15 00:54:39,4057.18,4057.24,0.060,6.0,1
2026-07-15 00:54:44,4057.06,4057.12,0.060,6.0,1
2026-07-15 00:54:49,4057.07,4057.12,0.050,5.0,1
2026-07-15 00:54:54,4056.63,4056.68,0.050,5.0,1
2026-07-15 00:54:59,4057.84,4057.96,0.120,12.0,1
2026-07-15 00:55:04,4057.89,4058.01,0.120,12.0,1
2026-07-15 00:55:09,4058.26,4058.37,0.110,11.0,1
2026-07-15 00:55:14,4058.28,4058.37,0.090,9.0,1
2026-07-15 00:55:19,4058.23,4058.35,0.120,12.0,1
2026-07-15 00:55:24,4059.12,4059.24,0.120,12.0,1
2026-07-15 00:55:29,4058.97,4059.09,0.120,12.0,1
2026-07-15 00:55:34,4058.98,4059.06,0.080,8.0,1
2026-07-15 00:55:39,4058.81,4058.91,0.100,10.0,1
2026-07-15 00:55:44,4058.61,4058.69,0.080,8.0,1
2026-07-15 00:55:49,4058.77,4058.85,0.080,8.0,1
2026-07-15 00:55:54,4058.34,4058.43,0.090,9.0,1
2026-07-15 00:55:59,4058.40,4058.48,0.080,8.0,1
2026-07-15 00:56:04,4057.99,4058.07,0.080,8.0,1
2026-07-15 00:56:09,4057.85,4057.97,0.120,12.0,1
2026-07-15 00:56:14,4057.87,4057.94,0.070,7.0,1
2026-07-15 00:56:19,4057.74,4057.79,0.050,5.0,1
2026-07-15 00:56:24,4057.84,4057.90,0.060,6.0,1
2026-07-15 00:56:29,4057.86,4057.91,0.050,5.0,1
2026-07-15 00:56:34,4057.79,4057.84,0.050,5.0,1
2026-07-15 00:56:39,4057.89,4057.96,0.070,7.0,1
2026-07-15 00:56:44,4058.12,4058.19,0.070,7.0,1
2026-07-15 00:56:49,4057.89,4057.97,0.080,8.0,1
2026-07-15 00:56:54,4057.84,4057.94,0.100,10.0,1
2026-07-15 00:56:59,4057.97,4058.03,0.060,6.0,1
2026-07-15 00:57:04,4057.84,4057.96,0.120,12.0,1
2026-07-15 00:57:09,4058.27,4058.39,0.120,12.0,1
2026-07-15 00:57:14,4058.48,4058.60,0.120,12.0,1
2026-07-15 00:57:19,4058.50,4058.61,0.110,11.0,1
2026-07-15 00:57:24,4058.38,4058.46,0.080,8.0,1
2026-07-15 00:57:29,4058.40,4058.50,0.100,10.0,1
2026-07-15 00:57:34,4058.99,4059.11,0.120,12.0,1
2026-07-15 00:57:39,4058.79,4058.91,0.120,12.0,1
2026-07-15 00:57:44,4058.83,4058.94,0.110,11.0,1
2026-07-15 00:57:49,4058.81,4058.87,0.060,6.0,1
2026-07-15 00:57:54,4058.87,4058.92,0.050,5.0,1
2026-07-15 00:57:59,4059.22,4059.34,0.120,12.0,1
2026-07-15 00:58:04,4059.19,4059.27,0.080,8.0,1
2026-07-15 00:58:09,4059.29,4059.34,0.050,5.0,1
2026-07-15 00:58:14,4059.49,4059.54,0.050,5.0,1
2026-07-15 00:58:19,4059.50,4059.55,0.050,5.0,1
2026-07-15 00:58:24,4059.43,4059.48,0.050,5.0,1
2026-07-15 00:58:29,4059.53,4059.58,0.050,5.0,1
2026-07-15 00:58:34,4059.54,4059.59,0.050,5.0,1
2026-07-15 00:58:39,4059.33,4059.43,0.100,10.0,1
2026-07-15 00:58:44,4059.27,4059.36,0.090,9.0,1
2026-07-15 00:58:49,4059.25,4059.33,0.080,8.0,1
2026-07-15 00:58:54,4058.76,4058.82,0.060,6.0,1
2026-07-15 00:58:59,4059.05,4059.17,0.120,12.0,1
2026-07-15 00:59:04,4060.23,4060.35,0.120,12.0,1
2026-07-15 00:59:09,4060.20,4060.32,0.120,12.0,1
2026-07-15 00:59:14,4060.18,4060.30,0.120,12.0,1
2026-07-15 00:59:19,4060.27,4060.38,0.110,11.0,1
2026-07-15 00:59:24,4060.28,4060.36,0.080,8.0,1
2026-07-15 00:59:29,4060.23,4060.28,0.050,5.0,1
2026-07-15 00:59:34,4060.02,4060.13,0.110,11.0,1
2026-07-15 00:59:39,4059.95,4060.04,0.090,9.0,1
2026-07-15 00:59:44,4059.87,4059.92,0.050,5.0,1
2026-07-15 00:59:49,4059.44,4059.54,0.100,10.0,1
2026-07-15 00:59:54,4059.84,4059.95,0.110,11.0,1
2026-07-15 00:59:59,4059.01,4059.13,0.120,12.0,1
2026-07-15 01:00:04,4059.55,4059.67,0.120,12.0,1
2026-07-15 01:00:09,4060.18,4060.30,0.120,12.0,1
2026-07-15 01:00:14,4059.51,4059.63,0.120,12.0,1
2026-07-15 01:00:19,4059.86,4059.98,0.120,12.0,1
2026-07-15 01:00:24,4059.95,4060.05,0.100,10.0,1
2026-07-15 01:00:29,4059.02,4059.14,0.120,12.0,1
2026-07-15 01:00:34,4060.43,4060.54,0.110,11.0,1
2026-07-15 01:00:39,4060.72,4060.84,0.120,12.0,1
2026-07-15 01:00:44,4060.34,4060.46,0.120,12.0,1
2026-07-15 01:00:49,4060.61,4060.71,0.100,10.0,1
2026-07-15 01:00:54,4061.44,4061.56,0.120,12.0,1
2026-07-15 01:00:59,4061.85,4061.94,0.090,9.0,1
2026-07-15 01:01:04,4060.78,4060.89,0.110,11.0,1
2026-07-15 01:01:09,4060.20,4060.30,0.100,10.0,1
2026-07-15 01:01:14,4059.95,4060.05,0.100,10.0,1
2026-07-15 01:01:19,4059.26,4059.37,0.110,11.0,1
2026-07-15 01:01:24,4059.24,4059.34,0.100,10.0,1
2026-07-15 01:01:29,4059.67,4059.76,0.090,9.0,1
2026-07-15 01:01:34,4059.50,4059.58,0.080,8.0,1
2026-07-15 01:01:39,4060.18,4060.26,0.080,8.0,1
2026-07-15 01:01:44,4060.04,4060.12,0.080,8.0,1
2026-07-15 01:01:49,4060.05,4060.13,0.080,8.0,1
2026-07-15 01:01:54,4059.89,4059.95,0.060,6.0,1
2026-07-15 01:01:59,4059.72,4059.79,0.070,7.0,1
2026-07-15 01:02:04,4059.09,4059.15,0.060,6.0,1
2026-07-15 01:02:09,4059.57,4059.69,0.120,12.0,1
2026-07-15 01:02:14,4058.99,4059.10,0.110,11.0,1
2026-07-15 01:02:19,4058.30,4058.41,0.110,11.0,1
2026-07-15 01:02:24,4058.21,4058.29,0.080,8.0,1
2026-07-15 01:02:29,4058.27,4058.34,0.070,7.0,1
2026-07-15 01:02:34,4059.05,4059.11,0.060,6.0,1
2026-07-15 01:02:39,4058.96,4059.03,0.070,7.0,1
2026-07-15 01:02:44,4057.59,4057.71,0.120,12.0,1
2026-07-15 01:02:49,4058.17,4058.29,0.120,12.0,1
2026-07-15 01:02:54,4057.90,4057.99,0.090,9.0,1
2026-07-15 01:02:59,4057.92,4057.99,0.070,7.0,1
2026-07-15 01:03:04,4058.68,4058.76,0.080,8.0,1
2026-07-15 01:03:09,4058.11,4058.18,0.070,7.0,1
2026-07-15 01:03:14,4057.95,4058.07,0.120,12.0,1
2026-07-15 01:03:19,4057.48,4057.57,0.090,9.0,1
2026-07-15 01:03:24,4057.03,4057.12,0.090,9.0,1
2026-07-15 01:03:29,4057.16,4057.22,0.060,6.0,1
2026-07-15 01:03:34,4057.12,4057.20,0.080,8.0,1
2026-07-15 01:03:39,4056.61,4056.67,0.060,6.0,1
2026-07-15 01:03:44,4056.60,4056.68,0.080,8.0,1
2026-07-15 01:03:49,4056.08,4056.20,0.120,12.0,1
2026-07-15 01:03:54,4056.14,4056.26,0.120,12.0,1
2026-07-15 01:03:59,4056.20,4056.30,0.100,10.0,1
2026-07-15 01:04:04,4056.29,4056.40,0.110,11.0,1
2026-07-15 01:04:09,4056.50,4056.57,0.070,7.0,1
2026-07-15 01:04:14,4056.93,4057.05,0.120,12.0,1
2026-07-15 01:04:19,4056.59,4056.68,0.090,9.0,1
2026-07-15 01:04:24,4057.07,4057.16,0.090,9.0,1
2026-07-15 01:04:29,4057.39,4057.44,0.050,5.0,1
2026-07-15 01:04:34,4056.91,4057.01,0.100,10.0,1
2026-07-15 01:04:39,4056.99,4057.04,0.050,5.0,1
2026-07-15 01:04:44,4056.81,4056.86,0.050,5.0,1
2026-07-15 01:04:49,4056.91,4056.97,0.060,6.0,1
2026-07-15 01:04:54,4058.07,4058.19,0.120,12.0,1
2026-07-15 01:04:59,4058.23,4058.30,0.070,7.0,1
2026-07-15 01:05:04,4057.97,4058.06,0.090,9.0,1
2026-07-15 01:05:09,4057.83,4057.93,0.100,10.0,1
2026-07-15 01:05:14,4057.90,4057.96,0.060,6.0,1
2026-07-15 01:05:19,4057.26,4057.36,0.100,10.0,1
2026-07-15 01:05:24,4057.27,4057.39,0.120,12.0,1
2026-07-15 01:05:29,4057.22,4057.34,0.120,12.0,1
2026-07-15 01:05:34,4057.34,4057.45,0.110,11.0,1
2026-07-15 01:05:39,4056.57,4056.65,0.080,8.0,1
2026-07-15 01:05:44,4056.50,4056.61,0.110,11.0,1
2026-07-15 01:05:49,4056.37,4056.49,0.120,12.0,1
2026-07-15 01:05:54,4056.26,4056.33,0.070,7.0,1
2026-07-15 01:05:59,4056.33,4056.45,0.120,12.0,1
2026-07-15 01:06:04,4056.77,4056.84,0.070,7.0,1
2026-07-15 01:06:09,4057.56,4057.68,0.120,12.0,1
2026-07-15 01:06:14,4056.54,4056.66,0.120,12.0,1
2026-07-15 01:06:19,4056.19,4056.31,0.120,12.0,1
2026-07-15 01:06:24,4055.91,4056.03,0.120,12.0,1
2026-07-15 01:06:29,4057.45,4057.57,0.120,12.0,1
2026-07-15 01:06:34,4057.05,4057.17,0.120,12.0,1
2026-07-15 01:06:39,4060.05,4060.17,0.120,12.0,1
2026-07-15 01:06:44,4059.83,4059.95,0.120,12.0,1
2026-07-15 01:06:49,4061.49,4061.61,0.120,12.0,1
2026-07-15 01:06:54,4061.56,4061.66,0.100,10.0,1
2026-07-15 01:06:59,4059.73,4059.85,0.120,12.0,1
2026-07-15 01:07:04,4059.51,4059.62,0.110,11.0,1
2026-07-15 01:07:09,4058.60,4058.70,0.100,10.0,1
2026-07-15 01:07:14,4057.49,4057.57,0.080,8.0,1
2026-07-15 01:07:19,4057.29,4057.37,0.080,8.0,1
2026-07-15 01:07:24,4057.15,4057.21,0.060,6.0,1
2026-07-15 01:07:29,4057.09,4057.15,0.060,6.0,1
2026-07-15 01:07:34,4057.48,4057.56,0.080,8.0,1
2026-07-15 01:07:39,4057.87,4057.92,0.050,5.0,1
2026-07-15 01:07:44,4057.97,4058.07,0.100,10.0,1
2026-07-15 01:07:49,4058.02,4058.09,0.070,7.0,1
2026-07-15 01:07:54,4057.56,4057.64,0.080,8.0,1
2026-07-15 01:07:59,4057.42,4057.49,0.070,7.0,1
2026-07-15 01:08:04,4057.87,4057.94,0.070,7.0,1
2026-07-15 01:08:09,4057.89,4057.96,0.070,7.0,1
2026-07-15 01:08:14,4058.05,4058.13,0.080,8.0,1
2026-07-15 01:08:19,4057.71,4057.79,0.080,8.0,1
2026-07-15 01:08:24,4057.42,4057.50,0.080,8.0,1
2026-07-15 01:08:29,4057.78,4057.86,0.080,8.0,1
2026-07-15 01:08:34,4057.62,4057.70,0.080,8.0,1
2026-07-15 01:08:39,4058.12,4058.24,0.120,12.0,1
2026-07-15 01:08:44,4057.59,4057.69,0.100,10.0,1
2026-07-15 01:08:49,4057.92,4058.02,0.100,10.0,1
2026-07-15 01:08:54,4057.65,4057.74,0.090,9.0,1
2026-07-15 01:08:59,4057.70,4057.81,0.110,11.0,1
2026-07-15 01:09:04,4057.88,4057.97,0.090,9.0,1
2026-07-15 01:09:09,4057.79,4057.88,0.090,9.0,1
2026-07-15 01:09:14,4057.80,4057.88,0.080,8.0,1
2026-07-15 01:09:19,4057.58,4057.68,0.100,10.0,1
2026-07-15 01:09:24,4057.65,4057.74,0.090,9.0,1
2026-07-15 01:09:29,4057.29,4057.38,0.090,9.0,1
2026-07-15 01:09:34,4057.48,4057.58,0.100,10.0,1
2026-07-15 01:09:39,4057.07,4057.17,0.100,10.0,1
2026-07-15 01:09:44,4057.25,4057.34,0.090,9.0,1
2026-07-15 01:09:49,4056.82,4056.94,0.120,12.0,1
2026-07-15 01:09:54,4056.46,4056.58,0.120,12.0,1
2026-07-15 01:09:59,4056.43,4056.55,0.120,12.0,1
2026-07-15 01:10:04,4057.23,4057.35,0.120,12.0,1
2026-07-15 01:10:09,4057.69,4057.81,0.120,12.0,1
2026-07-15 01:10:14,4057.96,4058.06,0.100,10.0,1
2026-07-15 01:10:19,4059.03,4059.15,0.120,12.0,1
2026-07-15 01:10:24,4058.45,4058.57,0.120,12.0,1
2026-07-15 01:10:29,4058.36,4058.45,0.090,9.0,1
2026-07-15 01:10:34,4057.75,4057.87,0.120,12.0,1
2026-07-15 01:10:39,4057.87,4057.93,0.060,6.0,1
2026-07-15 01:10:44,4057.70,4057.78,0.080,8.0,1
2026-07-15 01:10:49,4057.39,4057.47,0.080,8.0,1
2026-07-15 01:10:54,4057.81,4057.92,0.110,11.0,1
2026-07-15 01:10:59,4058.15,4058.27,0.120,12.0,1
2026-07-15 01:11:04,4057.30,4057.41,0.110,11.0,1
2026-07-15 01:11:09,4056.51,4056.63,0.120,12.0,1
2026-07-15 01:11:14,4055.76,4055.86,0.100,10.0,1
2026-07-15 01:11:19,4056.30,4056.42,0.120,12.0,1
2026-07-15 01:11:24,4057.13,4057.24,0.110,11.0,1
2026-07-15 01:11:29,4057.19,4057.27,0.080,8.0,1
2026-07-15 01:11:34,4058.27,4058.39,0.120,12.0,1
2026-07-15 01:11:39,4058.26,4058.38,0.120,12.0,1
2026-07-15 01:11:44,4058.24,4058.32,0.080,8.0,1
2026-07-15 01:11:49,4058.17,4058.23,0.060,6.0,1
2026-07-15 01:11:54,4057.57,4057.64,0.070,7.0,1
2026-07-15 01:11:59,4057.28,4057.33,0.050,5.0,1
2026-07-15 01:12:04,4057.29,4057.39,0.100,10.0,1
2026-07-15 01:12:09,4057.23,4057.29,0.060,6.0,1
2026-07-15 01:12:14,4057.04,4057.11,0.070,7.0,1
2026-07-15 01:12:19,4057.60,4057.65,0.050,5.0,1
2026-07-15 01:12:24,4057.99,4058.04,0.050,5.0,1
2026-07-15 01:12:29,4058.24,4058.29,0.050,5.0,1
2026-07-15 01:12:34,4058.54,4058.63,0.090,9.0,1
2026-07-15 01:12:39,4058.68,4058.78,0.100,10.0,1
2026-07-15 01:12:44,4058.72,4058.80,0.080,8.0,1
2026-07-15 01:12:49,4058.50,4058.60,0.100,10.0,1
2026-07-15 01:12:54,4058.48,4058.53,0.050,5.0,1
2026-07-15 01:12:59,4058.40,4058.52,0.120,12.0,1
2026-07-15 01:13:04,4058.05,4058.17,0.120,12.0,1
2026-07-15 01:13:09,4057.93,4058.05,0.120,12.0,1
2026-07-15 01:13:14,4057.89,4057.97,0.080,8.0,1
2026-07-15 01:13:19,4057.76,4057.82,0.060,6.0,1
2026-07-15 01:13:24,4058.31,4058.43,0.120,12.0,1
2026-07-15 01:13:29,4058.44,4058.56,0.120,12.0,1
2026-07-15 01:13:34,4058.68,4058.80,0.120,12.0,1
2026-07-15 01:13:39,4058.46,4058.56,0.100,10.0,1
2026-07-15 01:13:44,4058.45,4058.50,0.050,5.0,1
2026-07-15 01:13:49,4058.00,4058.05,0.050,5.0,1
2026-07-15 01:13:54,4057.95,4058.05,0.100,10.0,1
2026-07-15 01:13:59,4058.23,4058.35,0.120,12.0,1
2026-07-15 01:14:04,4057.71,4057.82,0.110,11.0,1
2026-07-15 01:14:09,4057.25,4057.37,0.120,12.0,1
2026-07-15 01:14:14,4057.21,4057.33,0.120,12.0,1
2026-07-15 01:14:19,4055.74,4055.86,0.120,12.0,1
2026-07-15 01:14:24,4055.33,4055.45,0.120,12.0,1
2026-07-15 01:14:29,4055.31,4055.43,0.120,12.0,1
2026-07-15 01:14:34,4055.58,4055.67,0.090,9.0,1
2026-07-15 01:14:39,4055.59,4055.64,0.050,5.0,1
2026-07-15 01:14:44,4055.68,4055.73,0.050,5.0,1
2026-07-15 01:14:49,4055.71,4055.76,0.050,5.0,1
2026-07-15 01:14:54,4055.76,4055.83,0.070,7.0,1
2026-07-15 01:14:59,4055.75,4055.84,0.090,9.0,1
2026-07-15 01:15:04,4054.99,4055.11,0.120,12.0,1
2026-07-15 01:15:09,4055.44,4055.56,0.120,12.0,1
2026-07-15 01:15:14,4055.90,4056.02,0.120,12.0,1
2026-07-15 01:15:19,4056.47,4056.59,0.120,12.0,1
2026-07-15 01:15:24,4056.59,4056.71,0.120,12.0,1
2026-07-15 01:15:29,4056.18,4056.30,0.120,12.0,1
2026-07-15 01:15:34,4055.98,4056.07,0.090,9.0,1
2026-07-15 01:15:39,4055.96,4056.08,0.120,12.0,1
2026-07-15 01:15:44,4055.50,4055.62,0.120,12.0,1
2026-07-15 01:15:49,4055.66,4055.71,0.050,5.0,1
2026-07-15 01:15:54,4056.08,4056.13,0.050,5.0,1
2026-07-15 01:15:59,4056.80,4056.85,0.050,5.0,1
2026-07-15 01:16:04,4056.27,4056.38,0.110,11.0,1
2026-07-15 01:16:09,4056.04,4056.16,0.120,12.0,1
2026-07-15 01:16:14,4055.92,4056.01,0.090,9.0,1
2026-07-15 01:16:19,4055.84,4055.90,0.060,6.0,1
2026-07-15 01:16:24,4055.50,4055.55,0.050,5.0,1
2026-07-15 01:16:29,4055.75,4055.87,0.120,12.0,1
2026-07-15 01:16:34,4055.63,4055.71,0.080,8.0,1
2026-07-15 01:16:39,4055.70,4055.78,0.080,8.0,1
2026-07-15 01:16:44,4055.80,4055.90,0.100,10.0,1
2026-07-15 01:16:49,4055.81,4055.86,0.050,5.0,1
2026-07-15 01:16:54,4055.19,4055.31,0.120,12.0,1
2026-07-15 01:16:59,4054.56,4054.68,0.120,12.0,1
2026-07-15 01:17:04,4054.98,4055.10,0.120,12.0,1
2026-07-15 01:17:09,4054.60,4054.71,0.110,11.0,1
2026-07-15 01:17:14,4054.02,4054.09,0.070,7.0,1
2026-07-15 01:17:19,4053.85,4053.90,0.050,5.0,1
2026-07-15 01:17:24,4054.27,4054.34,0.070,7.0,1
2026-07-15 01:17:29,4054.64,4054.70,0.060,6.0,1
2026-07-15 01:17:34,4054.88,4054.93,0.050,5.0,1
2026-07-15 01:17:39,4054.82,4054.87,0.050,5.0,1
2026-07-15 01:17:44,4054.70,4054.75,0.050,5.0,1
2026-07-15 01:17:49,4055.13,4055.25,0.120,12.0,1
2026-07-15 01:17:54,4055.55,4055.67,0.120,12.0,1
2026-07-15 01:17:59,4055.45,4055.50,0.050,5.0,1
2026-07-15 01:18:04,4055.34,4055.46,0.120,12.0,1
2026-07-15 01:18:09,4055.50,4055.55,0.050,5.0,1
2026-07-15 01:18:14,4055.09,4055.21,0.120,12.0,1
2026-07-15 01:18:19,4055.65,4055.77,0.120,12.0,1
2026-07-15 01:18:24,4055.81,4055.93,0.120,12.0,1
2026-07-15 01:18:29,4055.86,4055.91,0.050,5.0,1
2026-07-15 01:18:34,4055.37,4055.49,0.120,12.0,1
2026-07-15 01:18:39,4055.30,4055.35,0.050,5.0,1
2026-07-15 01:18:44,4055.69,4055.74,0.050,5.0,1
2026-07-15 01:18:49,4054.83,4054.95,0.120,12.0,1
2026-07-15 01:18:54,4055.09,4055.21,0.120,12.0,1
2026-07-15 01:18:59,4055.35,4055.46,0.110,11.0,1
2026-07-15 01:19:04,4055.62,4055.69,0.070,7.0,1
2026-07-15 01:19:09,4055.74,4055.79,0.050,5.0,1
2026-07-15 01:19:14,4054.99,4055.09,0.100,10.0,1
2026-07-15 01:19:19,4055.92,4056.04,0.120,12.0,1
2026-07-15 01:19:24,4055.90,4056.02,0.120,12.0,1
2026-07-15 01:19:29,4056.06,4056.11,0.050,5.0,1
2026-07-15 01:19:34,4056.21,4056.26,0.050,5.0,1
2026-07-15 01:19:39,4055.92,4055.97,0.050,5.0,1
2026-07-15 01:19:44,4054.93,4055.05,0.120,12.0,1
2026-07-15 01:19:49,4054.92,4054.98,0.060,6.0,1
2026-07-15 01:19:54,4055.31,4055.41,0.100,10.0,1
2026-07-15 01:19:59,4055.56,4055.61,0.050,5.0,1
2026-07-15 01:20:04,4055.43,4055.48,0.050,5.0,1
2026-07-15 01:20:09,4055.29,4055.34,0.050,5.0,1
2026-07-15 01:20:14,4054.87,4054.99,0.120,12.0,1
2026-07-15 01:20:19,4054.27,4054.37,0.100,10.0,1
2026-07-15 01:20:24,4053.76,4053.88,0.120,12.0,1
2026-07-15 01:20:29,4052.85,4052.97,0.120,12.0,1
2026-07-15 01:20:34,4053.12,4053.24,0.120,12.0,1
2026-07-15 01:20:39,4053.09,4053.21,0.120,12.0,1
2026-07-15 01:20:44,4052.81,4052.93,0.120,12.0,1
2026-07-15 01:20:49,4053.43,4053.48,0.050,5.0,1
2026-07-15 01:20:54,4053.92,4053.97,0.050,5.0,1
2026-07-15 01:20:59,4053.95,4054.00,0.050,5.0,1
2026-07-15 01:21:04,4054.16,4054.21,0.050,5.0,1
2026-07-15 01:21:09,4054.77,4054.89,0.120,12.0,1
2026-07-15 01:21:14,4054.57,4054.68,0.110,11.0,1
2026-07-15 01:21:19,4054.80,4054.86,0.060,6.0,1
2026-07-15 01:21:24,4054.10,4054.22,0.120,12.0,1
2026-07-15 01:21:29,4053.71,4053.83,0.120,12.0,1
2026-07-15 01:21:34,4053.57,4053.64,0.070,7.0,1
2026-07-15 01:21:39,4053.62,4053.67,0.050,5.0,1
2026-07-15 01:21:44,4053.73,4053.79,0.060,6.0,1
2026-07-15 01:21:49,4053.63,4053.70,0.070,7.0,1
2026-07-15 01:21:54,4053.83,4053.92,0.090,9.0,1
2026-07-15 01:21:59,4053.14,4053.23,0.090,9.0,1
2026-07-15 01:22:04,4053.31,4053.43,0.120,12.0,1
2026-07-15 01:22:09,4053.60,4053.67,0.070,7.0,1
2026-07-15 01:22:14,4053.05,4053.10,0.050,5.0,1
2026-07-15 01:22:19,4052.74,4052.81,0.070,7.0,1
2026-07-15 01:22:24,4053.31,4053.43,0.120,12.0,1
2026-07-15 01:22:29,4053.31,4053.43,0.120,12.0,1
2026-07-15 01:22:34,4053.66,4053.74,0.080,8.0,1
2026-07-15 01:22:39,4053.77,4053.89,0.120,12.0,1
2026-07-15 01:22:44,4053.97,4054.03,0.060,6.0,1
2026-07-15 01:22:49,4053.87,4053.94,0.070,7.0,1
2026-07-15 01:22:54,4054.10,4054.15,0.050,5.0,1
2026-07-15 01:22:59,4053.41,4053.48,0.070,7.0,1
2026-07-15 01:23:04,4054.08,4054.20,0.120,12.0,1
2026-07-15 01:23:09,4053.66,4053.78,0.120,12.0,1
2026-07-15 01:23:14,4054.05,4054.10,0.050,5.0,1
2026-07-15 01:23:19,4053.96,4054.08,0.120,12.0,1
2026-07-15 01:23:24,4054.08,4054.15,0.070,7.0,1
2026-07-15 01:23:29,4053.94,4054.06,0.120,12.0,1
2026-07-15 01:23:34,4054.05,4054.11,0.060,6.0,1
2026-07-15 01:23:39,4053.76,4053.88,0.120,12.0,1
2026-07-15 01:23:44,4054.20,4054.31,0.110,11.0,1
2026-07-15 01:23:49,4054.30,4054.35,0.050,5.0,1
2026-07-15 01:23:54,4054.27,4054.32,0.050,5.0,1
2026-07-15 01:23:59,4053.80,4053.85,0.050,5.0,1
2026-07-15 01:24:04,4054.20,4054.32,0.120,12.0,1
2026-07-15 01:24:09,4054.34,4054.46,0.120,12.0,1
2026-07-15 01:24:14,4054.81,4054.93,0.120,12.0,1
2026-07-15 01:24:19,4055.43,4055.54,0.110,11.0,1
2026-07-15 01:24:24,4055.37,4055.49,0.120,12.0,1
2026-07-15 01:24:29,4055.44,4055.56,0.120,12.0,1
2026-07-15 01:24:34,4054.99,4055.07,0.080,8.0,1
2026-07-15 01:24:39,4054.34,4054.45,0.110,11.0,1
2026-07-15 01:24:44,4054.15,4054.20,0.050,5.0,1
2026-07-15 01:24:49,4054.22,4054.27,0.050,5.0,1
2026-07-15 01:24:54,4054.18,4054.24,0.060,6.0,1
2026-07-15 01:24:59,4053.97,4054.03,0.060,6.0,1
2026-07-15 01:25:04,4054.32,4054.37,0.050,5.0,1
2026-07-15 01:25:09,4054.34,4054.39,0.050,5.0,1
2026-07-15 01:25:14,4054.23,4054.28,0.050,5.0,1
2026-07-15 01:25:19,4054.14,4054.21,0.070,7.0,1
2026-07-15 01:25:24,4054.22,4054.33,0.110,11.0,1
2026-07-15 01:25:29,4054.45,4054.56,0.110,11.0,1
2026-07-15 01:25:34,4054.49,4054.56,0.070,7.0,1
2026-07-15 01:25:39,4054.65,4054.70,0.050,5.0,1
2026-07-15 01:25:44,4054.05,4054.15,0.100,10.0,1
2026-07-15 01:25:49,4054.07,4054.13,0.060,6.0,1
2026-07-15 01:25:54,4054.34,4054.41,0.070,7.0,1
2026-07-15 01:25:59,4054.33,4054.38,0.050,5.0,1
2026-07-15 01:26:04,4054.15,4054.20,0.050,5.0,1
2026-07-15 01:26:09,4054.01,4054.06,0.050,5.0,1
2026-07-15 01:26:14,4054.85,4054.97,0.120,12.0,1
2026-07-15 01:26:19,4054.74,4054.86,0.120,12.0,1
2026-07-15 01:26:24,4054.98,4055.05,0.070,7.0,1
2026-07-15 01:26:29,4054.76,4054.83,0.070,7.0,1
2026-07-15 01:26:34,4055.15,4055.25,0.100,10.0,1
2026-07-15 01:26:39,4055.16,4055.22,0.060,6.0,1
2026-07-15 01:26:44,4055.20,4055.27,0.070,7.0,1
2026-07-15 01:26:49,4055.52,4055.62,0.100,10.0,1
2026-07-15 01:26:54,4055.88,4056.00,0.120,12.0,1
2026-07-15 01:26:59,4055.96,4056.08,0.120,12.0,1
2026-07-15 01:27:04,4055.82,4055.90,0.080,8.0,1
2026-07-15 01:27:09,4055.55,4055.62,0.070,7.0,1
2026-07-15 01:27:14,4055.34,4055.41,0.070,7.0,1
2026-07-15 01:27:19,4055.17,4055.29,0.120,12.0,1
2026-07-15 01:27:24,4055.10,4055.19,0.090,9.0,1
2026-07-15 01:27:29,4055.40,4055.52,0.120,12.0,1
2026-07-15 01:27:34,4055.45,4055.55,0.100,10.0,1
2026-07-15 01:27:39,4054.83,4054.95,0.120,12.0,1
2026-07-15 01:27:44,4055.51,4055.63,0.120,12.0,1
2026-07-15 01:27:49,4055.88,4056.00,0.120,12.0,1
2026-07-15 01:27:54,4055.71,4055.82,0.110,11.0,1
2026-07-15 01:27:59,4056.05,4056.13,0.080,8.0,1
2026-07-15 01:28:04,4056.32,4056.39,0.070,7.0,1
2026-07-15 01:28:09,4055.86,4055.98,0.120,12.0,1
2026-07-15 01:28:14,4056.07,4056.17,0.100,10.0,1
2026-07-15 01:28:19,4055.92,4055.99,0.070,7.0,1
2026-07-15 01:28:24,4055.92,4055.97,0.050,5.0,1
2026-07-15 01:28:29,4055.57,4055.62,0.050,5.0,1
2026-07-15 01:28:34,4056.09,4056.18,0.090,9.0,1
2026-07-15 01:28:39,4055.95,4056.07,0.120,12.0,1
2026-07-15 01:28:44,4056.28,4056.40,0.120,12.0,1
2026-07-15 01:28:49,4056.35,4056.40,0.050,5.0,1
2026-07-15 01:28:54,4056.34,4056.39,0.050,5.0,1
2026-07-15 01:28:59,4056.37,4056.49,0.120,12.0,1
2026-07-15 01:29:04,4056.66,4056.78,0.120,12.0,1
2026-07-15 01:29:09,4056.36,4056.44,0.080,8.0,1
2026-07-15 01:29:14,4056.25,4056.35,0.100,10.0,1
2026-07-15 01:29:19,4055.39,4055.48,0.090,9.0,1
2026-07-15 01:29:24,4054.16,4054.28,0.120,12.0,1
2026-07-15 01:29:29,4054.06,4054.18,0.120,12.0,1
2026-07-15 01:29:34,4054.20,4054.32,0.120,12.0,1
2026-07-15 01:29:39,4054.24,4054.34,0.100,10.0,1
2026-07-15 01:29:44,4054.36,4054.41,0.050,5.0,1
2026-07-15 01:29:49,4054.46,4054.51,0.050,5.0,1
2026-07-15 01:29:54,4054.36,4054.41,0.050,5.0,1
2026-07-15 01:29:59,4054.46,4054.51,0.050,5.0,1
2026-07-15 01:30:04,4053.26,4053.37,0.110,11.0,1
2026-07-15 01:30:09,4053.29,4053.41,0.120,12.0,1
2026-07-15 01:30:14,4053.14,4053.26,0.120,12.0,1
2026-07-15 01:30:19,4053.16,4053.26,0.100,10.0,1
2026-07-15 01:30:24,4052.66,4052.78,0.120,12.0,1
2026-07-15 01:30:29,4051.93,4051.99,0.060,6.0,1
2026-07-15 01:30:34,4052.48,4052.60,0.120,12.0,1
2026-07-15 01:30:39,4052.61,4052.68,0.070,7.0,1
2026-07-15 01:30:44,4052.05,4052.15,0.100,10.0,1
2026-07-15 01:30:49,4052.30,4052.42,0.120,12.0,1
2026-07-15 01:30:54,4052.33,4052.43,0.100,10.0,1
2026-07-15 01:30:59,4052.35,4052.43,0.080,8.0,1
2026-07-15 01:31:04,4051.55,4051.67,0.120,12.0,1
2026-07-15 01:31:09,4051.29,4051.41,0.120,12.0,1
2026-07-15 01:31:14,4050.86,4050.95,0.090,9.0,1
2026-07-15 01:31:19,4049.98,4050.10,0.120,12.0,1
2026-07-15 01:31:24,4049.93,4050.05,0.120,12.0,1
2026-07-15 01:31:29,4050.12,4050.17,0.050,5.0,1
2026-07-15 01:31:34,4050.20,4050.26,0.060,6.0,1
2026-07-15 01:31:39,4049.95,4050.00,0.050,5.0,1
2026-07-15 01:31:44,4050.21,4050.33,0.120,12.0,1
2026-07-15 01:31:49,4050.26,4050.31,0.050,5.0,1
2026-07-15 01:31:54,4050.93,4051.05,0.120,12.0,1
2026-07-15 01:31:59,4051.18,4051.30,0.120,12.0,1
2026-07-15 01:32:04,4051.36,4051.48,0.120,12.0,1
2026-07-15 01:32:09,4050.85,4050.90,0.050,5.0,1
2026-07-15 01:32:14,4050.26,4050.38,0.120,12.0,1
2026-07-15 01:32:19,4050.17,4050.26,0.090,9.0,1
2026-07-15 01:32:24,4050.06,4050.12,0.060,6.0,1
2026-07-15 01:32:29,4050.59,4050.71,0.120,12.0,1
2026-07-15 01:32:34,4050.66,4050.74,0.080,8.0,1
2026-07-15 01:32:39,4050.39,4050.44,0.050,5.0,1
2026-07-15 01:32:44,4050.52,4050.64,0.120,12.0,1
2026-07-15 01:32:49,4050.76,4050.88,0.120,12.0,1
2026-07-15 01:32:54,4051.11,4051.16,0.050,5.0,1
2026-07-15 01:32:59,4051.13,4051.25,0.120,12.0,1
2026-07-15 01:33:04,4050.02,4050.12,0.100,10.0,1
2026-07-15 01:33:09,4049.97,4050.09,0.120,12.0,1
2026-07-15 01:33:14,4049.62,4049.67,0.050,5.0,1
2026-07-15 01:33:19,4049.73,4049.81,0.080,8.0,1
2026-07-15 01:33:24,4049.58,4049.69,0.110,11.0,1
2026-07-15 01:33:29,4049.05,4049.17,0.120,12.0,1
2026-07-15 01:33:34,4048.61,4048.73,0.120,12.0,1
2026-07-15 01:33:39,4047.66,4047.78,0.120,12.0,1
2026-07-15 01:33:44,4048.09,4048.21,0.120,12.0,1
2026-07-15 01:33:49,4048.03,4048.12,0.090,9.0,1
2026-07-15 01:33:54,4047.54,4047.59,0.050,5.0,1
2026-07-15 01:33:59,4047.20,4047.27,0.070,7.0,1
2026-07-15 01:34:04,4048.07,4048.19,0.120,12.0,1
2026-07-15 01:34:09,4048.00,4048.12,0.120,12.0,1
2026-07-15 01:34:14,4048.35,4048.45,0.100,10.0,1
2026-07-15 01:34:19,4049.04,4049.12,0.080,8.0,1
2026-07-15 01:34:24,4049.41,4049.46,0.050,5.0,1
2026-07-15 01:34:29,4049.70,4049.75,0.050,5.0,1
2026-07-15 01:34:34,4050.00,4050.05,0.050,5.0,1
2026-07-15 01:34:39,4049.77,4049.87,0.100,10.0,1
2026-07-15 01:34:44,4049.36,4049.46,0.100,10.0,1
2026-07-15 01:34:49,4050.24,4050.36,0.120,12.0,1
2026-07-15 01:34:54,4050.33,4050.45,0.120,12.0,1
2026-07-15 01:34:59,4050.82,4050.90,0.080,8.0,1
2026-07-15 01:35:04,4050.22,4050.34,0.120,12.0,1
2026-07-15 01:35:09,4049.80,4049.85,0.050,5.0,1
2026-07-15 01:35:14,4049.26,4049.38,0.120,12.0,1
2026-07-15 01:35:19,4049.15,4049.22,0.070,7.0,1
2026-07-15 01:35:24,4048.49,4048.59,0.100,10.0,1
2026-07-15 01:35:29,4048.23,4048.35,0.120,12.0,1
2026-07-15 01:35:34,4048.11,4048.16,0.050,5.0,1
2026-07-15 01:35:39,4046.86,4046.98,0.120,12.0,1
2026-07-15 01:35:44,4046.16,4046.28,0.120,12.0,1
2026-07-15 01:35:49,4046.13,4046.25,0.120,12.0,1
2026-07-15 01:35:54,4046.34,4046.46,0.120,12.0,1
2026-07-15 01:35:59,4046.55,4046.62,0.070,7.0,1
2026-07-15 01:36:04,4047.00,4047.12,0.120,12.0,1
2026-07-15 01:36:09,4046.55,4046.63,0.080,8.0,1
2026-07-15 01:36:14,4046.46,4046.51,0.050,5.0,1
2026-07-15 01:36:19,4046.64,4046.75,0.110,11.0,1
2026-07-15 01:36:24,4046.88,4046.95,0.070,7.0,1
2026-07-15 01:36:29,4047.13,4047.20,0.070,7.0,1
2026-07-15 01:36:34,4047.31,4047.38,0.070,7.0,1
2026-07-15 01:36:39,4047.29,4047.34,0.050,5.0,1
2026-07-15 01:36:44,4047.29,4047.36,0.070,7.0,1
2026-07-15 01:36:49,4047.41,4047.49,0.080,8.0,1
2026-07-15 01:36:54,4047.43,4047.48,0.050,5.0,1
2026-07-15 01:36:59,4047.36,4047.48,0.120,12.0,1
2026-07-15 01:37:04,4047.16,4047.26,0.100,10.0,1
2026-07-15 01:37:09,4046.87,4046.99,0.120,12.0,1
2026-07-15 01:37:14,4046.96,4047.02,0.060,6.0,1
2026-07-15 01:37:19,4046.26,4046.36,0.100,10.0,1
2026-07-15 01:37:24,4046.74,4046.86,0.120,12.0,1
2026-07-15 01:37:29,4047.27,4047.35,0.080,8.0,1
2026-07-15 01:37:34,4047.29,4047.34,0.050,5.0,1
2026-07-15 01:37:39,4047.26,4047.31,0.050,5.0,1
2026-07-15 01:37:44,4046.36,4046.48,0.120,12.0,1
2026-07-15 01:37:49,4046.64,4046.70,0.060,6.0,1
2026-07-15 01:37:54,4047.00,4047.09,0.090,9.0,1
2026-07-15 01:37:59,4047.05,4047.11,0.060,6.0,1
2026-07-15 01:38:04,4046.71,4046.76,0.050,5.0,1
2026-07-15 01:38:09,4046.20,4046.32,0.120,12.0,1
2026-07-15 01:38:14,4046.61,4046.73,0.120,12.0,1
2026-07-15 01:38:19,4046.92,4047.04,0.120,12.0,1
2026-07-15 01:38:24,4046.90,4047.02,0.120,12.0,1
2026-07-15 01:38:29,4046.65,4046.77,0.120,12.0,1
2026-07-15 01:38:34,4046.59,4046.71,0.120,12.0,1
2026-07-15 01:38:39,4046.59,4046.67,0.080,8.0,1
2026-07-15 01:38:44,4046.62,4046.67,0.050,5.0,1
2026-07-15 01:38:49,4046.58,4046.70,0.120,12.0,1
2026-07-15 01:38:54,4045.98,4046.03,0.050,5.0,1
2026-07-15 01:38:59,4046.06,4046.18,0.120,12.0,1
2026-07-15 01:39:04,4046.24,4046.29,0.050,5.0,1
2026-07-15 01:39:09,4046.50,4046.61,0.110,11.0,1
2026-07-15 01:39:14,4046.75,4046.80,0.050,5.0,1
2026-07-15 01:39:19,4046.65,4046.70,0.050,5.0,1
2026-07-15 01:39:24,4046.98,4047.03,0.050,5.0,1
2026-07-15 01:39:29,4046.75,4046.80,0.050,5.0,1
2026-07-15 01:39:34,4046.67,4046.79,0.120,12.0,1
2026-07-15 01:39:39,4046.42,4046.54,0.120,12.0,1
2026-07-15 01:39:44,4046.74,4046.84,0.100,10.0,1
2026-07-15 01:39:49,4046.93,4047.05,0.120,12.0,1
2026-07-15 01:39:54,4046.66,4046.78,0.120,12.0,1
2026-07-15 01:39:59,4046.36,4046.48,0.120,12.0,1
2026-07-15 01:40:04,4045.53,4045.65,0.120,12.0,1
2026-07-15 01:40:09,4045.69,4045.80,0.110,11.0,1
2026-07-15 01:40:14,4045.72,4045.84,0.120,12.0,1
2026-07-15 01:40:19,4045.69,4045.74,0.050,5.0,1
2026-07-15 01:40:24,4043.85,4043.97,0.120,12.0,1
2026-07-15 01:40:29,4041.63,4041.75,0.120,12.0,1
2026-07-15 01:40:34,4040.71,4040.83,0.120,12.0,1
2026-07-15 01:40:39,4040.42,4040.54,0.120,12.0,1
2026-07-15 01:40:44,4040.61,4040.73,0.120,12.0,1
2026-07-15 01:40:49,4040.53,4040.65,0.120,12.0,1
2026-07-15 01:40:54,4040.17,4040.26,0.090,9.0,1
2026-07-15 01:40:59,4040.43,4040.54,0.110,11.0,1
2026-07-15 01:41:04,4040.76,4040.88,0.120,12.0,1
2026-07-15 01:41:09,4040.91,4041.02,0.110,11.0,1
2026-07-15 01:41:14,4041.10,4041.18,0.080,8.0,1
2026-07-15 01:41:19,4041.17,4041.23,0.060,6.0,1
2026-07-15 01:41:24,4040.36,4040.46,0.100,10.0,1
2026-07-15 01:41:29,4038.73,4038.85,0.120,12.0,1
2026-07-15 01:41:34,4039.16,4039.28,0.120,12.0,1
2026-07-15 01:41:39,4039.76,4039.88,0.120,12.0,1
2026-07-15 01:41:44,4039.64,4039.75,0.110,11.0,1
2026-07-15 01:41:49,4039.77,4039.89,0.120,12.0,1
2026-07-15 01:41:54,4038.64,4038.76,0.120,12.0,1
2026-07-15 01:41:59,4039.83,4039.95,0.120,12.0,1
2026-07-15 01:42:04,4040.14,4040.26,0.120,12.0,1
2026-07-15 01:42:09,4039.66,4039.78,0.120,12.0,1
2026-07-15 01:42:14,4039.74,4039.82,0.080,8.0,1
2026-07-15 01:42:19,4039.74,4039.79,0.050,5.0,1
2026-07-15 01:42:24,4039.87,4039.97,0.100,10.0,1
2026-07-15 01:42:29,4039.79,4039.86,0.070,7.0,1
2026-07-15 01:42:34,4038.59,4038.69,0.100,10.0,1
2026-07-15 01:42:39,4038.60,4038.65,0.050,5.0,1
2026-07-15 01:42:44,4038.70,4038.75,0.050,5.0,1
2026-07-15 01:42:49,4037.89,4038.01,0.120,12.0,1
2026-07-15 01:42:54,4037.48,4037.56,0.080,8.0,1
2026-07-15 01:42:59,4037.39,4037.50,0.110,11.0,1
2026-07-15 01:43:04,4036.73,4036.85,0.120,12.0,1
2026-07-15 01:43:09,4036.94,4037.06,0.120,12.0,1
2026-07-15 01:43:14,4037.30,4037.42,0.120,12.0,1
2026-07-15 01:43:19,4036.69,4036.81,0.120,12.0,1
2026-07-15 01:43:24,4036.81,4036.93,0.120,12.0,1
2026-07-15 01:43:29,4037.66,4037.76,0.100,10.0,1
2026-07-15 01:43:34,4037.38,4037.50,0.120,12.0,1
2026-07-15 01:43:39,4038.73,4038.85,0.120,12.0,1
2026-07-15 01:43:44,4039.46,4039.58,0.120,12.0,1
2026-07-15 01:43:49,4039.66,4039.78,0.120,12.0,1
2026-07-15 01:43:54,4038.17,4038.29,0.120,12.0,1
2026-07-15 01:43:59,4037.98,4038.08,0.100,10.0,1
2026-07-15 01:44:04,4037.35,4037.40,0.050,5.0,1
2026-07-15 01:44:09,4036.86,4036.91,0.050,5.0,1
2026-07-15 01:44:14,4037.46,4037.51,0.050,5.0,1
2026-07-15 01:44:19,4037.86,4037.91,0.050,5.0,1
2026-07-15 01:44:24,4037.83,4037.89,0.060,6.0,1
2026-07-15 01:44:29,4037.96,4038.01,0.050,5.0,1
2026-07-15 01:44:34,4038.18,4038.25,0.070,7.0,1
2026-07-15 01:44:39,4037.93,4037.98,0.050,5.0,1
2026-07-15 01:44:44,4038.31,4038.40,0.090,9.0,1
2026-07-15 01:44:49,4038.63,4038.68,0.050,5.0,1
2026-07-15 01:44:54,4038.43,4038.49,0.060,6.0,1
2026-07-15 01:44:59,4038.80,4038.85,0.050,5.0,1
2026-07-15 01:45:04,4040.15,4040.27,0.120,12.0,1
2026-07-15 01:45:09,4039.64,4039.76,0.120,12.0,1
2026-07-15 01:45:14,4040.11,4040.23,0.120,12.0,1
2026-07-15 01:45:19,4039.66,4039.74,0.080,8.0,1
2026-07-15 01:45:24,4039.39,4039.50,0.110,11.0,1
2026-07-15 01:45:29,4038.99,4039.08,0.090,9.0,1
2026-07-15 01:45:34,4038.83,4038.89,0.060,6.0,1
2026-07-15 01:45:39,4038.66,4038.72,0.060,6.0,1
2026-07-15 01:45:44,4038.53,4038.59,0.060,6.0,1
2026-07-15 01:45:49,4039.31,4039.41,0.100,10.0,1
2026-07-15 01:45:54,4039.39,4039.44,0.050,5.0,1
2026-07-15 01:45:59,4039.38,4039.46,0.080,8.0,1
2026-07-15 01:46:04,4039.10,4039.16,0.060,6.0,1
2026-07-15 01:46:09,4038.97,4039.02,0.050,5.0,1
2026-07-15 01:46:14,4039.13,4039.25,0.120,12.0,1
2026-07-15 01:46:19,4039.15,4039.27,0.120,12.0,1
2026-07-15 01:46:24,4039.79,4039.90,0.110,11.0,1
2026-07-15 01:46:29,4040.07,4040.12,0.050,5.0,1
2026-07-15 01:46:34,4040.47,4040.52,0.050,5.0,1
2026-07-15 01:46:39,4041.16,4041.23,0.070,7.0,1
2026-07-15 01:46:44,4041.16,4041.23,0.070,7.0,1
2026-07-15 01:46:49,4041.99,4042.09,0.100,10.0,1
2026-07-15 01:46:54,4041.43,4041.55,0.120,12.0,1
2026-07-15 01:46:59,4041.65,4041.75,0.100,10.0,1
2026-07-15 01:47:04,4041.92,4042.04,0.120,12.0,1
2026-07-15 01:47:09,4042.43,4042.55,0.120,12.0,1
2026-07-15 01:47:14,4042.15,4042.25,0.100,10.0,1
2026-07-15 01:47:19,4041.74,4041.86,0.120,12.0,1
2026-07-15 01:47:24,4041.70,4041.82,0.120,12.0,1
2026-07-15 01:47:29,4041.87,4041.98,0.110,11.0,1
2026-07-15 01:47:34,4041.59,4041.66,0.070,7.0,1
2026-07-15 01:47:39,4041.03,4041.13,0.100,10.0,1
2026-07-15 01:47:44,4041.15,4041.21,0.060,6.0,1
2026-07-15 01:47:49,4041.38,4041.48,0.100,10.0,1
2026-07-15 01:47:54,4041.12,4041.17,0.050,5.0,1
2026-07-15 01:47:59,4040.81,4040.92,0.110,11.0,1
2026-07-15 01:48:04,4041.08,4041.18,0.100,10.0,1
2026-07-15 01:48:09,4040.37,4040.49,0.120,12.0,1
2026-07-15 01:48:14,4039.95,4040.05,0.100,10.0,1
2026-07-15 01:48:19,4039.95,4040.07,0.120,12.0,1
2026-07-15 01:48:24,4039.46,4039.58,0.120,12.0,1
2026-07-15 01:48:29,4038.90,4039.02,0.120,12.0,1
2026-07-15 01:48:34,4039.76,4039.88,0.120,12.0,1
2026-07-15 01:48:39,4039.47,4039.59,0.120,12.0,1
2026-07-15 01:48:44,4039.55,4039.62,0.070,7.0,1
2026-07-15 01:48:49,4039.65,4039.77,0.120,12.0,1
2026-07-15 01:48:54,4039.48,4039.59,0.110,11.0,1
2026-07-15 01:48:59,4039.98,4040.08,0.100,10.0,1
2026-07-15 01:49:04,4039.99,4040.11,0.120,12.0,1
2026-07-15 01:49:09,4040.02,4040.14,0.120,12.0,1
2026-07-15 01:49:14,4040.99,4041.07,0.080,8.0,1
2026-07-15 01:49:19,4041.63,4041.68,0.050,5.0,1
2026-07-15 01:49:24,4041.97,4042.02,0.050,5.0,1
2026-07-15 01:49:29,4041.73,4041.78,0.050,5.0,1
2026-07-15 01:49:34,4041.55,4041.60,0.050,5.0,1
2026-07-15 01:49:39,4041.52,4041.57,0.050,5.0,1
2026-07-15 01:49:44,4041.52,4041.60,0.080,8.0,1
2026-07-15 01:49:49,4041.93,4042.05,0.120,12.0,1
2026-07-15 01:49:54,4041.65,4041.74,0.090,9.0,1
2026-07-15 01:49:59,4041.50,4041.55,0.050,5.0,1
2026-07-15 01:50:04,4041.20,4041.29,0.090,9.0,1
2026-07-15 01:50:09,4041.28,4041.33,0.050,5.0,1
2026-07-15 01:50:14,4039.73,4039.85,0.120,12.0,1
2026-07-15 01:50:19,4039.88,4040.00,0.120,12.0,1
2026-07-15 01:50:24,4040.17,4040.29,0.120,12.0,1
2026-07-15 01:50:29,4040.41,4040.51,0.100,10.0,1
2026-07-15 01:50:34,4039.89,4039.99,0.100,10.0,1
2026-07-15 01:50:39,4039.76,4039.87,0.110,11.0,1
2026-07-15 01:50:44,4040.05,4040.10,0.050,5.0,1
2026-07-15 01:50:49,4040.29,4040.41,0.120,12.0,1
2026-07-15 01:50:54,4040.30,4040.37,0.070,7.0,1
2026-07-15 01:50:59,4040.19,4040.24,0.050,5.0,1
2026-07-15 01:51:04,4039.94,4039.99,0.050,5.0,1
2026-07-15 01:51:09,4039.88,4039.93,0.050,5.0,1
2026-07-15 01:51:14,4040.17,4040.22,0.050,5.0,1
2026-07-15 01:51:19,4040.17,4040.22,0.050,5.0,1
2026-07-15 01:51:24,4039.69,4039.81,0.120,12.0,1
2026-07-15 01:51:29,4039.68,4039.74,0.060,6.0,1
2026-07-15 01:51:34,4039.49,4039.59,0.100,10.0,1
2026-07-15 01:51:39,4039.48,4039.53,0.050,5.0,1
2026-07-15 01:51:44,4039.36,4039.41,0.050,5.0,1
2026-07-15 01:51:49,4039.31,4039.37,0.060,6.0,1
2026-07-15 01:51:54,4039.26,4039.31,0.050,5.0,1
2026-07-15 01:51:59,4039.37,4039.45,0.080,8.0,1
2026-07-15 01:52:04,4039.28,4039.33,0.050,5.0,1
2026-07-15 01:52:09,4038.88,4039.00,0.120,12.0,1
2026-07-15 01:52:14,4039.61,4039.73,0.120,12.0,1
2026-07-15 01:52:19,4039.12,4039.24,0.120,12.0,1
2026-07-15 01:52:24,4038.47,4038.59,0.120,12.0,1
2026-07-15 01:52:29,4038.95,4039.07,0.120,12.0,1
2026-07-15 01:52:34,4039.04,4039.15,0.110,11.0,1
2026-07-15 01:52:39,4039.13,4039.23,0.100,10.0,1
2026-07-15 01:52:44,4039.15,4039.21,0.060,6.0,1
2026-07-15 01:52:49,4038.72,4038.82,0.100,10.0,1
2026-07-15 01:52:54,4038.05,4038.17,0.120,12.0,1
2026-07-15 01:52:59,4038.13,4038.25,0.120,12.0,1
2026-07-15 01:53:04,4039.13,4039.25,0.120,12.0,1
2026-07-15 01:53:09,4039.21,4039.33,0.120,12.0,1
2026-07-15 01:53:14,4039.35,4039.42,0.070,7.0,1
2026-07-15 01:53:19,4038.82,4038.87,0.050,5.0,1
2026-07-15 01:53:24,4039.67,4039.79,0.120,12.0,1
2026-07-15 01:53:29,4040.38,4040.47,0.090,9.0,1
2026-07-15 01:53:34,4040.23,4040.33,0.100,10.0,1
2026-07-15 01:53:39,4040.30,4040.38,0.080,8.0,1
2026-07-15 01:53:44,4040.26,4040.31,0.050,5.0,1
2026-07-15 01:53:49,4040.05,4040.17,0.120,12.0,1
2026-07-15 01:53:54,4040.02,4040.11,0.090,9.0,1
2026-07-15 01:53:59,4040.06,4040.11,0.050,5.0,1
2026-07-15 01:54:04,4040.03,4040.14,0.110,11.0,1
2026-07-15 01:54:09,4039.79,4039.85,0.060,6.0,1
2026-07-15 01:54:14,4039.24,4039.34,0.100,10.0,1
2026-07-15 01:54:19,4038.98,4039.08,0.100,10.0,1
2026-07-15 01:54:24,4039.72,4039.84,0.120,12.0,1
2026-07-15 01:54:29,4039.75,4039.83,0.080,8.0,1
2026-07-15 01:54:34,4039.83,4039.88,0.050,5.0,1
2026-07-15 01:54:39,4039.73,4039.78,0.050,5.0,1
2026-07-15 01:54:44,4040.72,4040.80,0.080,8.0,1
2026-07-15 01:54:49,4041.05,4041.17,0.120,12.0,1
2026-07-15 01:54:54,4041.02,4041.10,0.080,8.0,1
2026-07-15 01:54:59,4041.10,4041.19,0.090,9.0,1
2026-07-15 01:55:04,4041.19,4041.24,0.050,5.0,1
2026-07-15 01:55:09,4040.64,4040.73,0.090,9.0,1
2026-07-15 01:55:14,4040.38,4040.43,0.050,5.0,1
2026-07-15 01:55:19,4039.83,4039.94,0.110,11.0,1
2026-07-15 01:55:24,4039.34,4039.43,0.090,9.0,1
2026-07-15 01:55:29,4039.72,4039.78,0.060,6.0,1
2026-07-15 01:55:34,4039.72,4039.77,0.050,5.0,1
2026-07-15 01:55:39,4039.78,4039.86,0.080,8.0,1
2026-07-15 01:55:44,4039.62,4039.68,0.060,6.0,1
2026-07-15 01:55:49,4039.34,4039.46,0.120,12.0,1
2026-07-15 01:55:54,4039.21,4039.26,0.050,5.0,1
2026-07-15 01:55:59,4039.65,4039.73,0.080,8.0,1
2026-07-15 01:56:04,4039.37,4039.49,0.120,12.0,1
2026-07-15 01:56:09,4039.37,4039.47,0.100,10.0,1
2026-07-15 01:56:14,4039.40,4039.52,0.120,12.0,1
2026-07-15 01:56:19,4039.57,4039.68,0.110,11.0,1
2026-07-15 01:56:24,4039.61,4039.66,0.050,5.0,1
2026-07-15 01:56:29,4039.20,4039.27,0.070,7.0,1
2026-07-15 01:56:34,4038.57,4038.69,0.120,12.0,1
2026-07-15 01:56:39,4038.71,4038.83,0.120,12.0,1
2026-07-15 01:56:44,4038.74,4038.81,0.070,7.0,1
2026-07-15 01:56:49,4038.85,4038.92,0.070,7.0,1
2026-07-15 01:56:54,4039.22,4039.27,0.050,5.0,1
2026-07-15 01:56:59,4038.68,4038.74,0.060,6.0,1
2026-07-15 01:57:04,4038.64,4038.76,0.120,12.0,1
2026-07-15 01:57:09,4038.14,4038.26,0.120,12.0,1
2026-07-15 01:57:14,4038.12,4038.24,0.120,12.0,1
2026-07-15 01:57:19,4037.74,4037.82,0.080,8.0,1
2026-07-15 01:57:24,4037.86,4037.91,0.050,5.0,1
2026-07-15 01:57:29,4037.00,4037.09,0.090,9.0,1
2026-07-15 01:57:34,4036.75,4036.84,0.090,9.0,1
2026-07-15 01:57:39,4036.66,4036.72,0.060,6.0,1
2026-07-15 01:57:44,4037.19,4037.24,0.050,5.0,1
2026-07-15 01:57:49,4037.30,4037.35,0.050,5.0,1
2026-07-15 01:57:54,4037.45,4037.57,0.120,12.0,1
2026-07-15 01:57:59,4037.74,4037.81,0.070,7.0,1
2026-07-15 01:58:04,4036.32,4036.44,0.120,12.0,1
2026-07-15 01:58:09,4036.47,4036.59,0.120,12.0,1
2026-07-15 01:58:14,4037.28,4037.40,0.120,12.0,1
2026-07-15 01:58:19,4036.17,4036.29,0.120,12.0,1
2026-07-15 01:58:24,4035.69,4035.81,0.120,12.0,1
2026-07-15 01:58:29,4035.90,4035.99,0.090,9.0,1
2026-07-15 01:58:34,4036.04,4036.12,0.080,8.0,1
2026-07-15 01:58:39,4036.27,4036.32,0.050,5.0,1
2026-07-15 01:58:44,4036.33,4036.45,0.120,12.0,1
2026-07-15 01:58:49,4036.90,4037.02,0.120,12.0,1
2026-07-15 01:58:54,4037.08,4037.17,0.090,9.0,1
2026-07-15 01:58:59,4037.27,4037.34,0.070,7.0,1
2026-07-15 01:59:04,4037.29,4037.34,0.050,5.0,1
2026-07-15 01:59:09,4037.50,4037.62,0.120,12.0,1
2026-07-15 01:59:14,4037.33,4037.42,0.090,9.0,1
2026-07-15 01:59:19,4036.92,4037.00,0.080,8.0,1
2026-07-15 01:59:24,4036.94,4037.02,0.080,8.0,1
2026-07-15 01:59:29,4037.12,4037.17,0.050,5.0,1
2026-07-15 01:59:34,4037.01,4037.06,0.050,5.0,1
2026-07-15 01:59:39,4036.99,4037.04,0.050,5.0,1
2026-07-15 01:59:44,4037.14,4037.19,0.050,5.0,1
2026-07-15 01:59:49,4037.19,4037.24,0.050,5.0,1
2026-07-15 01:59:54,4037.26,4037.31,0.050,5.0,1
2026-07-15 01:59:59,4037.35,4037.43,0.080,8.0,1
2026-07-15 02:00:04,4037.05,4037.17,0.120,12.0,1
2026-07-15 02:00:09,4035.94,4036.06,0.120,12.0,1
2026-07-15 02:00:14,4036.24,4036.36,0.120,12.0,1
2026-07-15 02:00:19,4036.33,4036.45,0.120,12.0,1
2026-07-15 02:00:24,4036.21,4036.32,0.110,11.0,1
2026-07-15 02:00:29,4036.46,4036.51,0.050,5.0,1
2026-07-15 02:00:34,4036.49,4036.55,0.060,6.0,1
2026-07-15 02:00:39,4036.03,4036.08,0.050,5.0,1
2026-07-15 02:00:44,4035.97,4036.02,0.050,5.0,1
2026-07-15 02:00:49,4036.38,4036.48,0.100,10.0,1
2026-07-15 02:00:54,4035.57,4035.69,0.120,12.0,1
2026-07-15 02:00:59,4035.91,4036.03,0.120,12.0,1
2026-07-15 02:01:04,4036.61,4036.73,0.120,12.0,1
2026-07-15 02:01:09,4036.04,4036.16,0.120,12.0,1
2026-07-15 02:01:14,4036.30,4036.42,0.120,12.0,1
2026-07-15 02:01:19,4036.23,4036.32,0.090,9.0,1
2026-07-15 02:01:24,4036.21,4036.27,0.060,6.0,1
2026-07-15 02:01:29,4036.06,4036.12,0.060,6.0,1
2026-07-15 02:01:34,4035.58,4035.67,0.090,9.0,1
2026-07-15 02:01:39,4035.68,4035.78,0.100,10.0,1
2026-07-15 02:01:44,4034.59,4034.71,0.120,12.0,1
2026-07-15 02:01:49,4034.52,4034.64,0.120,12.0,1
2026-07-15 02:01:54,4034.27,4034.39,0.120,12.0,1
2026-07-15 02:01:59,4034.74,4034.85,0.110,11.0,1
2026-07-15 02:02:04,4036.59,4036.71,0.120,12.0,1
2026-07-15 02:02:09,4036.96,4037.08,0.120,12.0,1
2026-07-15 02:02:14,4036.62,4036.69,0.070,7.0,1
2026-07-15 02:02:19,4036.52,4036.57,0.050,5.0,1
2026-07-15 02:02:24,4036.57,4036.62,0.050,5.0,1
2026-07-15 02:02:29,4036.83,4036.89,0.060,6.0,1
2026-07-15 02:02:34,4037.56,4037.61,0.050,5.0,1
2026-07-15 02:02:39,4037.49,4037.56,0.070,7.0,1
2026-07-15 02:02:44,4037.11,4037.16,0.050,5.0,1
2026-07-15 02:02:49,4037.44,4037.49,0.050,5.0,1
2026-07-15 02:02:54,4037.19,4037.26,0.070,7.0,1
2026-07-15 02:02:59,4037.51,4037.59,0.080,8.0,1
2026-07-15 02:03:04,4037.42,4037.47,0.050,5.0,1
2026-07-15 02:03:09,4038.26,4038.35,0.090,9.0,1
2026-07-15 02:03:14,4038.03,4038.15,0.120,12.0,1
2026-07-15 02:03:19,4037.87,4037.99,0.120,12.0,1
2026-07-15 02:03:24,4038.84,4038.96,0.120,12.0,1
2026-07-15 02:03:29,4038.99,4039.06,0.070,7.0,1
2026-07-15 02:03:34,4038.98,4039.03,0.050,5.0,1
2026-07-15 02:03:39,4039.70,4039.82,0.120,12.0,1
2026-07-15 02:03:44,4040.04,4040.13,0.090,9.0,1
2026-07-15 02:03:49,4040.14,4040.19,0.050,5.0,1
2026-07-15 02:03:54,4039.57,4039.64,0.070,7.0,1
2026-07-15 02:03:59,4039.62,4039.67,0.050,5.0,1
2026-07-15 02:04:04,4039.26,4039.31,0.050,5.0,1
2026-07-15 02:04:09,4039.18,4039.23,0.050,5.0,1
2026-07-15 02:04:14,4039.67,4039.76,0.090,9.0,1
2026-07-15 02:04:19,4039.10,4039.19,0.090,9.0,1
2026-07-15 02:04:24,4038.80,4038.92,0.120,12.0,1
2026-07-15 02:04:29,4038.53,4038.60,0.070,7.0,1
2026-07-15 02:04:34,4039.07,4039.19,0.120,12.0,1
2026-07-15 02:04:39,4038.61,4038.73,0.120,12.0,1
2026-07-15 02:04:44,4038.76,4038.85,0.090,9.0,1
2026-07-15 02:04:49,4038.79,4038.86,0.070,7.0,1
2026-07-15 02:04:54,4038.76,4038.81,0.050,5.0,1
2026-07-15 02:04:59,4039.05,4039.15,0.100,10.0,1
2026-07-15 02:05:04,4038.69,4038.80,0.110,11.0,1
2026-07-15 02:05:09,4038.69,4038.81,0.120,12.0,1
2026-07-15 02:05:14,4038.86,4038.94,0.080,8.0,1
2026-07-15 02:05:19,4038.88,4039.00,0.120,12.0,1
2026-07-15 02:05:24,4039.65,4039.76,0.110,11.0,1
2026-07-15 02:05:29,4039.56,4039.64,0.080,8.0,1
2026-07-15 02:05:34,4039.87,4039.92,0.050,5.0,1
2026-07-15 02:05:39,4039.33,4039.45,0.120,12.0,1
2026-07-15 02:05:44,4039.98,4040.10,0.120,12.0,1
2026-07-15 02:05:49,4040.17,4040.25,0.080,8.0,1
2026-07-15 02:05:54,4040.37,4040.49,0.120,12.0,1
2026-07-15 02:05:59,4040.18,4040.30,0.120,12.0,1
2026-07-15 02:06:04,4040.16,4040.26,0.100,10.0,1
2026-07-15 02:06:09,4040.27,4040.39,0.120,12.0,1
2026-07-15 02:06:14,4039.64,4039.76,0.120,12.0,1
2026-07-15 02:06:19,4039.95,4040.06,0.110,11.0,1
2026-07-15 02:06:24,4040.04,4040.10,0.060,6.0,1
2026-07-15 02:06:29,4040.23,4040.28,0.050,5.0,1
2026-07-15 02:06:34,4039.62,4039.74,0.120,12.0,1
2026-07-15 02:06:39,4039.39,4039.46,0.070,7.0,1
2026-07-15 02:06:44,4039.54,4039.59,0.050,5.0,1
2026-07-15 02:06:49,4039.53,4039.63,0.100,10.0,1
2026-07-15 02:06:54,4039.64,4039.69,0.050,5.0,1
2026-07-15 02:06:59,4039.49,4039.61,0.120,12.0,1
2026-07-15 02:07:04,4039.51,4039.56,0.050,5.0,1
2026-07-15 02:07:09,4039.63,4039.68,0.050,5.0,1
2026-07-15 02:07:14,4039.74,4039.79,0.050,5.0,1
2026-07-15 02:07:19,4039.58,4039.63,0.050,5.0,1
2026-07-15 02:07:24,4038.97,4039.09,0.120,12.0,1
2026-07-15 02:07:29,4039.35,4039.47,0.120,12.0,1
2026-07-15 02:07:34,4039.61,4039.67,0.060,6.0,1
2026-07-15 02:07:39,4039.49,4039.59,0.100,10.0,1
2026-07-15 02:07:44,4039.82,4039.89,0.070,7.0,1
2026-07-15 02:07:49,4039.62,4039.74,0.120,12.0,1
2026-07-15 02:07:54,4039.72,4039.84,0.120,12.0,1
2026-07-15 02:07:59,4039.55,4039.65,0.100,10.0,1
2026-07-15 02:08:04,4039.60,4039.65,0.050,5.0,1
2026-07-15 02:08:09,4039.99,4040.05,0.060,6.0,1
2026-07-15 02:08:14,4040.04,4040.09,0.050,5.0,1
2026-07-15 02:08:19,4040.26,4040.37,0.110,11.0,1
2026-07-15 02:08:24,4040.22,4040.34,0.120,12.0,1
2026-07-15 02:08:29,4040.49,4040.59,0.100,10.0,1
2026-07-15 02:08:34,4040.67,4040.77,0.100,10.0,1
2026-07-15 02:08:39,4040.72,4040.83,0.110,11.0,1
2026-07-15 02:08:44,4040.75,4040.87,0.120,12.0,1
2026-07-15 02:08:49,4040.64,4040.73,0.090,9.0,1
2026-07-15 02:08:54,4040.79,4040.84,0.050,5.0,1
2026-07-15 02:08:59,4040.79,4040.84,0.050,5.0,1
2026-07-15 02:09:04,4041.45,4041.57,0.120,12.0,1
2026-07-15 02:09:09,4041.40,4041.52,0.120,12.0,1
2026-07-15 02:09:14,4040.73,4040.85,0.120,12.0,1
2026-07-15 02:09:19,4041.30,4041.42,0.120,12.0,1
2026-07-15 02:09:24,4041.02,4041.14,0.120,12.0,1
2026-07-15 02:09:29,4041.16,4041.23,0.070,7.0,1
2026-07-15 02:09:34,4040.94,4041.06,0.120,12.0,1
2026-07-15 02:09:39,4041.10,4041.18,0.080,8.0,1
2026-07-15 02:09:44,4041.18,4041.23,0.050,5.0,1
2026-07-15 02:09:49,4041.23,4041.28,0.050,5.0,1
2026-07-15 02:09:54,4041.04,4041.16,0.120,12.0,1
2026-07-15 02:09:59,4040.96,4041.01,0.050,5.0,1
2026-07-15 02:10:04,4040.97,4041.02,0.050,5.0,1
2026-07-15 02:10:09,4041.79,4041.91,0.120,12.0,1
2026-07-15 02:10:14,4041.90,4042.02,0.120,12.0,1
2026-07-15 02:10:19,4041.97,4042.08,0.110,11.0,1
2026-07-15 02:10:24,4041.67,4041.76,0.090,9.0,1
2026-07-15 02:10:29,4041.29,4041.34,0.050,5.0,1
2026-07-15 02:10:34,4041.67,4041.78,0.110,11.0,1
2026-07-15 02:10:39,4041.21,4041.32,0.110,11.0,1
2026-07-15 02:10:44,4040.77,4040.82,0.050,5.0,1
2026-07-15 02:10:49,4040.48,4040.53,0.050,5.0,1
2026-07-15 02:10:54,4040.09,4040.14,0.050,5.0,1
2026-07-15 02:10:59,4039.48,4039.54,0.060,6.0,1
2026-07-15 02:11:04,4039.76,4039.84,0.080,8.0,1
2026-07-15 02:11:09,4039.73,4039.78,0.050,5.0,1
2026-07-15 02:11:14,4039.98,4040.03,0.050,5.0,1
2026-07-15 02:11:19,4039.62,4039.74,0.120,12.0,1
2026-07-15 02:11:24,4039.73,4039.85,0.120,12.0,1
2026-07-15 02:11:29,4039.82,4039.94,0.120,12.0,1
2026-07-15 02:11:34,4039.52,4039.61,0.090,9.0,1
2026-07-15 02:11:39,4038.54,4038.66,0.120,12.0,1
2026-07-15 02:11:44,4037.94,4038.06,0.120,12.0,1
2026-07-15 02:11:49,4038.22,4038.30,0.080,8.0,1
2026-07-15 02:11:54,4038.68,4038.75,0.070,7.0,1
2026-07-15 02:11:59,4037.60,4037.72,0.120,12.0,1
2026-07-15 02:12:04,4038.44,4038.56,0.120,12.0,1
2026-07-15 02:12:09,4038.58,4038.69,0.110,11.0,1
2026-07-15 02:12:14,4038.17,4038.26,0.090,9.0,1
2026-07-15 02:12:19,4038.18,4038.29,0.110,11.0,1
2026-07-15 02:12:24,4037.87,4037.98,0.110,11.0,1
2026-07-15 02:12:29,4038.02,4038.13,0.110,11.0,1
2026-07-15 02:12:34,4038.01,4038.09,0.080,8.0,1
2026-07-15 02:12:39,4038.06,4038.11,0.050,5.0,1
2026-07-15 02:12:44,4036.84,4036.96,0.120,12.0,1
2026-07-15 02:12:49,4037.11,4037.19,0.080,8.0,1
2026-07-15 02:12:54,4036.66,4036.78,0.120,12.0,1
2026-07-15 02:12:59,4035.91,4036.03,0.120,12.0,1
2026-07-15 02:13:04,4035.90,4036.02,0.120,12.0,1
2026-07-15 02:13:09,4035.98,4036.08,0.100,10.0,1
2026-07-15 02:13:14,4036.90,4037.02,0.120,12.0,1
2026-07-15 02:13:19,4036.84,4036.96,0.120,12.0,1
2026-07-15 02:13:24,4036.36,4036.45,0.090,9.0,1
2026-07-15 02:13:29,4035.98,4036.03,0.050,5.0,1
2026-07-15 02:13:34,4036.00,4036.10,0.100,10.0,1
2026-07-15 02:13:39,4035.97,4036.03,0.060,6.0,1
2026-07-15 02:13:44,4036.18,4036.24,0.060,6.0,1
2026-07-15 02:13:49,4037.06,4037.13,0.070,7.0,1
2026-07-15 02:13:54,4037.46,4037.51,0.050,5.0,1
2026-07-15 02:13:59,4037.43,4037.48,0.050,5.0,1
2026-07-15 02:14:04,4037.45,4037.50,0.050,5.0,1
2026-07-15 02:14:09,4037.64,4037.69,0.050,5.0,1
2026-07-15 02:14:14,4037.54,4037.59,0.050,5.0,1
2026-07-15 02:14:19,4037.63,4037.68,0.050,5.0,1
2026-07-15 02:14:24,4037.39,4037.47,0.080,8.0,1
2026-07-15 02:14:29,4037.27,4037.36,0.090,9.0,1
2026-07-15 02:14:34,4036.96,4037.05,0.090,9.0,1
2026-07-15 02:14:39,4036.41,4036.50,0.090,9.0,1
2026-07-15 02:14:44,4036.39,4036.51,0.120,12.0,1
2026-07-15 02:14:49,4036.64,4036.76,0.120,12.0,1
2026-07-15 02:14:54,4037.05,4037.15,0.100,10.0,1
2026-07-15 02:14:59,4036.74,4036.84,0.100,10.0,1
2026-07-15 02:15:04,4036.00,4036.05,0.050,5.0,1
2026-07-15 02:15:09,4035.84,4035.96,0.120,12.0,1
2026-07-15 02:15:14,4035.71,4035.79,0.080,8.0,1
2026-07-15 02:15:19,4036.77,4036.89,0.120,12.0,1
2026-07-15 02:15:24,4036.64,4036.75,0.110,11.0,1
2026-07-15 02:15:29,4036.52,4036.62,0.100,10.0,1
2026-07-15 02:15:34,4036.30,4036.35,0.050,5.0,1
2026-07-15 02:15:39,4035.10,4035.22,0.120,12.0,1
2026-07-15 02:15:44,4035.08,4035.19,0.110,11.0,1
2026-07-15 02:15:49,4035.53,4035.65,0.120,12.0,1
2026-07-15 02:15:54,4035.38,4035.43,0.050,5.0,1
2026-07-15 02:15:59,4034.85,4034.95,0.100,10.0,1
2026-07-15 02:16:04,4034.47,4034.59,0.120,12.0,1
2026-07-15 02:16:09,4034.45,4034.55,0.100,10.0,1
2026-07-15 02:16:14,4033.85,4033.90,0.050,5.0,1
2026-07-15 02:16:19,4034.40,4034.46,0.060,6.0,1
2026-07-15 02:16:24,4033.37,4033.49,0.120,12.0,1
2026-07-15 02:16:29,4033.16,4033.28,0.120,12.0,1
2026-07-15 02:16:34,4032.54,4032.66,0.120,12.0,1
2026-07-15 02:16:39,4033.15,4033.25,0.100,10.0,1
2026-07-15 02:16:44,4033.87,4033.92,0.050,5.0,1
2026-07-15 02:16:49,4034.47,4034.56,0.090,9.0,1
2026-07-15 02:16:54,4034.49,4034.55,0.060,6.0,1
2026-07-15 02:16:59,4034.02,4034.07,0.050,5.0,1
2026-07-15 02:17:04,4033.46,4033.51,0.050,5.0,1
2026-07-15 02:17:09,4033.20,4033.32,0.120,12.0,1
2026-07-15 02:17:14,4032.18,4032.30,0.120,12.0,1
2026-07-15 02:17:19,4031.98,4032.09,0.110,11.0,1
2026-07-15 02:17:24,4032.30,4032.38,0.080,8.0,1
2026-07-15 02:17:29,4032.46,4032.57,0.110,11.0,1
2026-07-15 02:17:34,4032.93,4032.98,0.050,5.0,1
2026-07-15 02:17:39,4033.18,4033.23,0.050,5.0,1
2026-07-15 02:17:44,4032.85,4032.90,0.050,5.0,1
2026-07-15 02:17:49,4032.73,4032.80,0.070,7.0,1
2026-07-15 02:17:54,4032.29,4032.34,0.050,5.0,1
2026-07-15 02:17:59,4032.68,4032.77,0.090,9.0,1
2026-07-15 02:18:04,4032.09,4032.15,0.060,6.0,1
2026-07-15 02:18:09,4031.91,4031.96,0.050,5.0,1
2026-07-15 02:18:14,4031.88,4031.96,0.080,8.0,1
2026-07-15 02:18:19,4031.68,4031.73,0.050,5.0,1
2026-07-15 02:18:24,4031.24,4031.34,0.100,10.0,1
2026-07-15 02:18:29,4031.40,4031.47,0.070,7.0,1
2026-07-15 02:18:34,4031.36,4031.41,0.050,5.0,1
2026-07-15 02:18:39,4030.30,4030.42,0.120,12.0,1
2026-07-15 02:18:44,4031.13,4031.25,0.120,12.0,1
2026-07-15 02:18:49,4031.05,4031.17,0.120,12.0,1
2026-07-15 02:18:54,4030.56,4030.68,0.120,12.0,1
2026-07-15 02:18:59,4030.57,4030.68,0.110,11.0,1
2026-07-15 02:19:04,4030.96,4031.08,0.120,12.0,1
2026-07-15 02:19:09,4030.98,4031.05,0.070,7.0,1
2026-07-15 02:19:14,4031.21,4031.26,0.050,5.0,1
2026-07-15 02:19:19,4031.20,4031.27,0.070,7.0,1
2026-07-15 02:19:24,4031.92,4031.99,0.070,7.0,1
2026-07-15 02:19:29,4031.11,4031.23,0.120,12.0,1
2026-07-15 02:19:34,4030.60,4030.72,0.120,12.0,1
2026-07-15 02:19:39,4030.71,4030.82,0.110,11.0,1
2026-07-15 02:19:44,4030.21,4030.26,0.050,5.0,1
2026-07-15 02:19:49,4030.29,4030.34,0.050,5.0,1
2026-07-15 02:19:54,4030.54,4030.66,0.120,12.0,1
2026-07-15 02:19:59,4030.26,4030.37,0.110,11.0,1
2026-07-15 02:20:04,4030.19,4030.24,0.050,5.0,1
2026-07-15 02:20:09,4029.23,4029.35,0.120,12.0,1
2026-07-15 02:20:14,4030.43,4030.48,0.050,5.0,1
2026-07-15 02:20:19,4030.70,4030.82,0.120,12.0,1
2026-07-15 02:20:24,4030.86,4030.93,0.070,7.0,1
2026-07-15 02:20:29,4030.36,4030.43,0.070,7.0,1
2026-07-15 02:20:34,4030.62,4030.69,0.070,7.0,1
2026-07-15 02:20:39,4030.90,4030.95,0.050,5.0,1
2026-07-15 02:20:44,4030.68,4030.73,0.050,5.0,1
2026-07-15 02:20:49,4030.81,4030.86,0.050,5.0,1
2026-07-15 02:20:54,4030.35,4030.44,0.090,9.0,1
2026-07-15 02:20:59,4030.66,4030.76,0.100,10.0,1
2026-07-15 02:21:04,4030.92,4030.99,0.070,7.0,1
2026-07-15 02:21:09,4031.28,4031.40,0.120,12.0,1
2026-07-15 02:21:14,4030.74,4030.81,0.070,7.0,1
2026-07-15 02:21:19,4030.73,4030.78,0.050,5.0,1
2026-07-15 02:21:24,4030.80,4030.85,0.050,5.0,1
2026-07-15 02:21:29,4030.26,4030.36,0.100,10.0,1
2026-07-15 02:21:34,4030.37,4030.48,0.110,11.0,1
2026-07-15 02:21:39,4030.62,4030.70,0.080,8.0,1
2026-07-15 02:21:44,4030.78,4030.84,0.060,6.0,1
2026-07-15 02:21:49,4030.67,4030.79,0.120,12.0,1
2026-07-15 02:21:54,4030.69,4030.78,0.090,9.0,1
2026-07-15 02:21:59,4030.93,4031.03,0.100,10.0,1
2026-07-15 02:22:04,4030.64,4030.73,0.090,9.0,1
2026-07-15 02:22:09,4030.98,4031.08,0.100,10.0,1
2026-07-15 02:22:14,4031.19,4031.29,0.100,10.0,1
2026-07-15 02:22:19,4031.32,4031.38,0.060,6.0,1
2026-07-15 02:22:24,4032.05,4032.17,0.120,12.0,1
2026-07-15 02:22:29,4032.02,4032.13,0.110,11.0,1
2026-07-15 02:22:34,4031.88,4031.98,0.100,10.0,1
2026-07-15 02:22:39,4031.80,4031.90,0.100,10.0,1
2026-07-15 02:22:44,4031.79,4031.86,0.070,7.0,1
2026-07-15 02:22:49,4031.82,4031.87,0.050,5.0,1
2026-07-15 02:22:54,4031.77,4031.82,0.050,5.0,1
2026-07-15 02:22:59,4031.87,4031.92,0.050,5.0,1
2026-07-15 02:23:04,4031.57,4031.69,0.120,12.0,1
2026-07-15 02:23:09,4031.36,4031.46,0.100,10.0,1
2026-07-15 02:23:14,4031.37,4031.48,0.110,11.0,1
2026-07-15 02:23:19,4030.92,4030.99,0.070,7.0,1
2026-07-15 02:23:24,4030.90,4031.02,0.120,12.0,1
2026-07-15 02:23:29,4031.17,4031.28,0.110,11.0,1
2026-07-15 02:23:34,4031.27,4031.33,0.060,6.0,1
2026-07-15 02:23:39,4031.56,4031.65,0.090,9.0,1
2026-07-15 02:23:44,4031.33,4031.41,0.080,8.0,1
2026-07-15 02:23:49,4031.25,4031.33,0.080,8.0,1
2026-07-15 02:23:54,4031.07,4031.15,0.080,8.0,1
2026-07-15 02:23:59,4031.46,4031.58,0.120,12.0,1
2026-07-15 02:24:04,4032.01,4032.13,0.120,12.0,1
2026-07-15 02:24:09,4032.48,4032.60,0.120,12.0,1
2026-07-15 02:24:14,4032.30,4032.42,0.120,12.0,1
2026-07-15 02:24:19,4032.17,4032.24,0.070,7.0,1
2026-07-15 02:24:24,4032.08,4032.13,0.050,5.0,1
2026-07-15 02:24:29,4031.78,4031.84,0.060,6.0,1
2026-07-15 02:24:34,4032.14,4032.25,0.110,11.0,1
2026-07-15 02:24:39,4032.04,4032.09,0.050,5.0,1
2026-07-15 02:24:44,4031.73,4031.80,0.070,7.0,1
2026-07-15 02:24:49,4031.44,4031.49,0.050,5.0,1
2026-07-15 02:24:54,4031.70,4031.79,0.090,9.0,1
2026-07-15 02:24:59,4031.75,4031.80,0.050,5.0,1
2026-07-15 02:25:04,4031.34,4031.39,0.050,5.0,1
2026-07-15 02:25:09,4031.13,4031.25,0.120,12.0,1
2026-07-15 02:25:14,4031.27,4031.39,0.120,12.0,1
2026-07-15 02:25:19,4031.35,4031.40,0.050,5.0,1
2026-07-15 02:25:24,4031.56,4031.61,0.050,5.0,1
2026-07-15 02:25:29,4031.36,4031.41,0.050,5.0,1
2026-07-15 02:25:34,4031.58,4031.63,0.050,5.0,1
2026-07-15 02:25:39,4031.33,4031.41,0.080,8.0,1
2026-07-15 02:25:44,4031.30,4031.35,0.050,5.0,1
2026-07-15 02:25:49,4031.30,4031.35,0.050,5.0,1
2026-07-15 02:25:54,4031.35,4031.40,0.050,5.0,1
2026-07-15 02:25:59,4031.02,4031.11,0.090,9.0,1
2026-07-15 02:26:04,4030.58,4030.67,0.090,9.0,1
2026-07-15 02:26:09,4030.67,4030.79,0.120,12.0,1
2026-07-15 02:26:14,4030.62,4030.74,0.120,12.0,1
2026-07-15 02:26:19,4030.65,4030.73,0.080,8.0,1
2026-07-15 02:26:24,4031.23,4031.32,0.090,9.0,1
2026-07-15 02:26:29,4031.57,4031.69,0.120,12.0,1
2026-07-15 02:26:34,4032.02,4032.14,0.120,12.0,1
2026-07-15 02:26:39,4031.92,4032.04,0.120,12.0,1
2026-07-15 02:26:44,4031.98,4032.03,0.050,5.0,1
2026-07-15 02:26:49,4032.47,4032.52,0.050,5.0,1
2026-07-15 02:26:54,4032.07,4032.19,0.120,12.0,1
2026-07-15 02:26:59,4032.14,4032.26,0.120,12.0,1
2026-07-15 02:27:04,4032.06,4032.18,0.120,12.0,1
2026-07-15 02:27:09,4032.16,4032.23,0.070,7.0,1
2026-07-15 02:27:14,4032.35,4032.47,0.120,12.0,1
2026-07-15 02:27:19,4032.94,4033.06,0.120,12.0,1
2026-07-15 02:27:24,4032.46,4032.58,0.120,12.0,1
2026-07-15 02:27:29,4032.64,4032.73,0.090,9.0,1
2026-07-15 02:27:34,4032.83,4032.89,0.060,6.0,1
2026-07-15 02:27:39,4032.79,4032.85,0.060,6.0,1
2026-07-15 02:27:44,4032.74,4032.79,0.050,5.0,1
2026-07-15 02:27:49,4032.68,4032.74,0.060,6.0,1
2026-07-15 02:27:54,4032.33,4032.38,0.050,5.0,1
2026-07-15 02:27:59,4032.36,4032.47,0.110,11.0,1
2026-07-15 02:28:04,4032.59,4032.68,0.090,9.0,1
2026-07-15 02:28:09,4032.53,4032.58,0.050,5.0,1
2026-07-15 02:28:14,4032.53,4032.58,0.050,5.0,1
2026-07-15 02:28:19,4032.48,4032.53,0.050,5.0,1
2026-07-15 02:28:24,4032.41,4032.46,0.050,5.0,1
2026-07-15 02:28:29,4032.30,4032.35,0.050,5.0,1
2026-07-15 02:28:34,4032.41,4032.51,0.100,10.0,1
2026-07-15 02:28:39,4031.81,4031.93,0.120,12.0,1
2026-07-15 02:28:44,4032.01,4032.13,0.120,12.0,1
2026-07-15 02:28:49,4032.03,4032.12,0.090,9.0,1
2026-07-15 02:28:54,4032.04,4032.16,0.120,12.0,1
2026-07-15 02:28:59,4032.55,4032.67,0.120,12.0,1
2026-07-15 02:29:04,4032.33,4032.45,0.120,12.0,1
2026-07-15 02:29:09,4032.26,4032.37,0.110,11.0,1
2026-07-15 02:29:14,4032.25,4032.33,0.080,8.0,1
2026-07-15 02:29:19,4033.29,4033.41,0.120,12.0,1
2026-07-15 02:29:24,4033.28,4033.40,0.120,12.0,1
2026-07-15 02:29:29,4033.30,4033.40,0.100,10.0,1
2026-07-15 02:29:34,4033.33,4033.38,0.050,5.0,1
2026-07-15 02:29:39,4033.14,4033.19,0.050,5.0,1
2026-07-15 02:29:44,4033.06,4033.14,0.080,8.0,1
2026-07-15 02:29:49,4032.73,4032.80,0.070,7.0,1
2026-07-15 02:29:54,4032.99,4033.11,0.120,12.0,1
2026-07-15 02:29:59,4033.09,4033.19,0.100,10.0,1
2026-07-15 02:30:04,4032.94,4033.06,0.120,12.0,1
2026-07-15 02:30:09,4034.14,4034.26,0.120,12.0,1
2026-07-15 02:30:14,4035.18,4035.30,0.120,12.0,1
2026-07-15 02:30:19,4035.30,4035.42,0.120,12.0,1
2026-07-15 02:30:24,4035.54,4035.63,0.090,9.0,1
2026-07-15 02:30:29,4034.59,4034.71,0.120,12.0,1
2026-07-15 02:30:34,4034.94,4035.06,0.120,12.0,1
2026-07-15 02:30:39,4035.78,4035.90,0.120,12.0,1
2026-07-15 02:30:44,4035.54,4035.65,0.110,11.0,1
2026-07-15 02:30:49,4035.66,4035.78,0.120,12.0,1
2026-07-15 02:30:54,4035.73,4035.83,0.100,10.0,1
2026-07-15 02:30:59,4036.20,4036.29,0.090,9.0,1
2026-07-15 02:31:04,4036.10,4036.19,0.090,9.0,1
2026-07-15 02:31:09,4035.57,4035.67,0.100,10.0,1
2026-07-15 02:31:14,4035.30,4035.40,0.100,10.0,1
2026-07-15 02:31:19,4034.77,4034.87,0.100,10.0,1
2026-07-15 02:31:24,4034.74,4034.80,0.060,6.0,1
2026-07-15 02:31:29,4034.69,4034.74,0.050,5.0,1
2026-07-15 02:31:34,4034.77,4034.82,0.050,5.0,1
2026-07-15 02:31:39,4034.78,4034.83,0.050,5.0,1
2026-07-15 02:31:44,4034.80,4034.86,0.060,6.0,1
2026-07-15 02:31:49,4034.62,4034.70,0.080,8.0,1
2026-07-15 02:31:54,4034.57,4034.64,0.070,7.0,1
2026-07-15 02:31:59,4033.75,4033.85,0.100,10.0,1
2026-07-15 02:32:04,4034.12,4034.24,0.120,12.0,1
2026-07-15 02:32:09,4033.58,4033.69,0.110,11.0,1
2026-07-15 02:32:14,4033.90,4033.99,0.090,9.0,1
2026-07-15 02:32:19,4034.42,4034.54,0.120,12.0,1
2026-07-15 02:32:24,4034.40,4034.52,0.120,12.0,1
2026-07-15 02:32:29,4034.47,4034.59,0.120,12.0,1
2026-07-15 02:32:34,4034.83,4034.89,0.060,6.0,1
2026-07-15 02:32:39,4034.17,4034.29,0.120,12.0,1
2026-07-15 02:32:44,4034.94,4035.06,0.120,12.0,1
2026-07-15 02:32:49,4034.91,4035.03,0.120,12.0,1
2026-07-15 02:32:54,4034.51,4034.60,0.090,9.0,1
2026-07-15 02:32:59,4034.36,4034.43,0.070,7.0,1
2026-07-15 02:33:04,4034.61,4034.71,0.100,10.0,1
2026-07-15 02:33:09,4034.43,4034.55,0.120,12.0,1
2026-07-15 02:33:14,4034.85,4034.97,0.120,12.0,1
2026-07-15 02:33:19,4034.83,4034.91,0.080,8.0,1
2026-07-15 02:33:24,4035.48,4035.55,0.070,7.0,1
2026-07-15 02:33:29,4035.10,4035.16,0.060,6.0,1
2026-07-15 02:33:34,4034.77,4034.82,0.050,5.0,1
2026-07-15 02:33:39,4034.92,4034.97,0.050,5.0,1
2026-07-15 02:33:44,4035.02,4035.10,0.080,8.0,1
2026-07-15 02:33:49,4035.51,4035.63,0.120,12.0,1
2026-07-15 02:33:54,4035.50,4035.61,0.110,11.0,1
2026-07-15 02:33:59,4035.57,4035.63,0.060,6.0,1
2026-07-15 02:34:04,4035.40,4035.46,0.060,6.0,1
2026-07-15 02:34:09,4035.67,4035.79,0.120,12.0,1
2026-07-15 02:34:14,4035.44,4035.55,0.110,11.0,1
2026-07-15 02:34:19,4035.36,4035.44,0.080,8.0,1
2026-07-15 02:34:24,4035.91,4036.03,0.120,12.0,1
2026-07-15 02:34:29,4035.92,4035.99,0.070,7.0,1
2026-07-15 02:34:34,4035.83,4035.95,0.120,12.0,1
2026-07-15 02:34:39,4035.98,4036.08,0.100,10.0,1
2026-07-15 02:34:44,4035.40,4035.45,0.050,5.0,1
2026-07-15 02:34:49,4035.06,4035.18,0.120,12.0,1
2026-07-15 02:34:54,4035.46,4035.56,0.100,10.0,1
2026-07-15 02:34:59,4035.83,4035.95,0.120,12.0,1
2026-07-15 02:35:04,4036.22,4036.32,0.100,10.0,1
2026-07-15 02:35:09,4036.10,4036.17,0.070,7.0,1
2026-07-15 02:35:14,4036.20,4036.25,0.050,5.0,1
2026-07-15 02:35:19,4036.48,4036.60,0.120,12.0,1
2026-07-15 02:35:24,4036.84,4036.94,0.100,10.0,1
2026-07-15 02:35:29,4036.74,4036.85,0.110,11.0,1
2026-07-15 02:35:34,4036.51,4036.56,0.050,5.0,1
2026-07-15 02:35:39,4036.46,4036.51,0.050,5.0,1
2026-07-15 02:35:44,4036.41,4036.46,0.050,5.0,1
2026-07-15 02:35:49,4036.47,4036.52,0.050,5.0,1
2026-07-15 02:35:54,4036.90,4036.96,0.060,6.0,1
2026-07-15 02:35:59,4036.97,4037.02,0.050,5.0,1
2026-07-15 02:36:04,4036.72,4036.84,0.120,12.0,1
2026-07-15 02:36:09,4036.00,4036.12,0.120,12.0,1
2026-07-15 02:36:14,4036.00,4036.11,0.110,11.0,1
2026-07-15 02:36:19,4035.88,4035.96,0.080,8.0,1
2026-07-15 02:36:24,4036.25,4036.30,0.050,5.0,1
2026-07-15 02:36:29,4036.38,4036.48,0.100,10.0,1
2026-07-15 02:36:34,4036.26,4036.37,0.110,11.0,1
2026-07-15 02:36:39,4036.23,4036.35,0.120,12.0,1
2026-07-15 02:36:44,4036.76,4036.88,0.120,12.0,1
2026-07-15 02:36:49,4037.00,4037.09,0.090,9.0,1
2026-07-15 02:36:54,4036.87,4036.94,0.070,7.0,1
2026-07-15 02:36:59,4036.90,4036.95,0.050,5.0,1
2026-07-15 02:37:04,4036.93,4037.05,0.120,12.0,1
2026-07-15 02:37:09,4036.62,4036.72,0.100,10.0,1
2026-07-15 02:37:14,4036.99,4037.09,0.100,10.0,1
2026-07-15 02:37:19,4036.99,4037.04,0.050,5.0,1
2026-07-15 02:37:24,4036.77,4036.89,0.120,12.0,1
2026-07-15 02:37:29,4036.79,4036.84,0.050,5.0,1
2026-07-15 02:37:34,4036.78,4036.83,0.050,5.0,1
2026-07-15 02:37:39,4036.73,4036.78,0.050,5.0,1
2026-07-15 02:37:44,4036.92,4036.97,0.050,5.0,1
2026-07-15 02:37:49,4036.89,4036.94,0.050,5.0,1
2026-07-15 02:37:54,4036.46,4036.51,0.050,5.0,1
2026-07-15 02:37:59,4036.31,4036.43,0.120,12.0,1
2026-07-15 02:38:04,4036.66,4036.78,0.120,12.0,1
2026-07-15 02:38:09,4037.03,4037.15,0.120,12.0,1
2026-07-15 02:38:14,4037.19,4037.27,0.080,8.0,1
2026-07-15 02:38:19,4036.92,4037.00,0.080,8.0,1
2026-07-15 02:38:24,4037.13,4037.20,0.070,7.0,1
2026-07-15 02:38:29,4037.11,4037.16,0.050,5.0,1
2026-07-15 02:38:34,4037.01,4037.06,0.050,5.0,1
2026-07-15 02:38:39,4037.05,4037.10,0.050,5.0,1
2026-07-15 02:38:44,4037.04,4037.09,0.050,5.0,1
2026-07-15 02:38:49,4037.22,4037.27,0.050,5.0,1
2026-07-15 02:38:54,4036.91,4037.03,0.120,12.0,1
2026-07-15 02:38:59,4036.77,4036.89,0.120,12.0,1
2026-07-15 02:39:04,4037.01,4037.13,0.120,12.0,1
2026-07-15 02:39:09,4037.16,4037.25,0.090,9.0,1
2026-07-15 02:39:14,4037.19,4037.28,0.090,9.0,1
2026-07-15 02:39:19,4037.44,4037.56,0.120,12.0,1
2026-07-15 02:39:24,4037.37,4037.49,0.120,12.0,1
2026-07-15 02:39:29,4037.44,4037.56,0.120,12.0,1
2026-07-15 02:39:34,4037.41,4037.46,0.050,5.0,1
2026-07-15 02:39:39,4037.56,4037.61,0.050,5.0,1
2026-07-15 02:39:44,4037.52,4037.58,0.060,6.0,1
2026-07-15 02:39:49,4037.52,4037.57,0.050,5.0,1
2026-07-15 02:39:54,4037.58,4037.70,0.120,12.0,1
2026-07-15 02:39:59,4037.77,4037.89,0.120,12.0,1
2026-07-15 02:40:04,4038.24,4038.36,0.120,12.0,1
2026-07-15 02:40:09,4038.57,4038.69,0.120,12.0,1
2026-07-15 02:40:14,4038.56,4038.65,0.090,9.0,1
2026-07-15 02:40:19,4038.34,4038.46,0.120,12.0,1
2026-07-15 02:40:24,4038.20,4038.26,0.060,6.0,1
2026-07-15 02:40:29,4038.10,4038.22,0.120,12.0,1
2026-07-15 02:40:34,4038.24,4038.36,0.120,12.0,1
2026-07-15 02:40:39,4038.06,4038.14,0.080,8.0,1
2026-07-15 02:40:44,4038.04,4038.09,0.050,5.0,1
2026-07-15 02:40:49,4038.04,4038.09,0.050,5.0,1
2026-07-15 02:40:54,4037.50,4037.62,0.120,12.0,1
2026-07-15 02:40:59,4037.72,4037.84,0.120,12.0,1
2026-07-15 02:41:04,4037.60,4037.72,0.120,12.0,1
2026-07-15 02:41:09,4037.28,4037.40,0.120,12.0,1
2026-07-15 02:41:14,4038.04,4038.16,0.120,12.0,1
2026-07-15 02:41:19,4038.05,4038.17,0.120,12.0,1
2026-07-15 02:41:24,4037.91,4038.01,0.100,10.0,1
2026-07-15 02:41:29,4037.72,4037.79,0.070,7.0,1
2026-07-15 02:41:34,4037.72,4037.78,0.060,6.0,1
2026-07-15 02:41:39,4038.17,4038.29,0.120,12.0,1
2026-07-15 02:41:44,4038.36,4038.45,0.090,9.0,1
2026-07-15 02:41:49,4038.19,4038.26,0.070,7.0,1
2026-07-15 02:41:54,4038.14,4038.19,0.050,5.0,1
2026-07-15 02:41:59,4038.36,4038.41,0.050,5.0,1
2026-07-15 02:42:04,4038.35,4038.40,0.050,5.0,1
2026-07-15 02:42:09,4038.30,4038.39,0.090,9.0,1
2026-07-15 02:42:14,4038.67,4038.79,0.120,12.0,1
2026-07-15 02:42:19,4039.11,4039.21,0.100,10.0,1
2026-07-15 02:42:24,4038.99,4039.08,0.090,9.0,1
2026-07-15 02:42:29,4039.29,4039.35,0.060,6.0,1
2026-07-15 02:42:34,4039.14,4039.19,0.050,5.0,1
2026-07-15 02:42:39,4039.09,4039.16,0.070,7.0,1
2026-07-15 02:42:44,4039.28,4039.33,0.050,5.0,1
2026-07-15 02:42:49,4040.40,4040.52,0.120,12.0,1
2026-07-15 02:42:54,4040.48,4040.60,0.120,12.0,1
2026-07-15 02:42:59,4040.73,4040.84,0.110,11.0,1
2026-07-15 02:43:04,4040.87,4040.99,0.120,12.0,1
2026-07-15 02:43:09,4040.96,4041.07,0.110,11.0,1
2026-07-15 02:43:14,4040.96,4041.05,0.090,9.0,1
2026-07-15 02:43:19,4040.84,4040.92,0.080,8.0,1
2026-07-15 02:43:24,4040.57,4040.66,0.090,9.0,1
2026-07-15 02:43:29,4040.53,4040.65,0.120,12.0,1
2026-07-15 02:43:34,4040.51,4040.58,0.070,7.0,1
2026-07-15 02:43:39,4040.50,4040.55,0.050,5.0,1
2026-07-15 02:43:44,4040.39,4040.44,0.050,5.0,1
2026-07-15 02:43:49,4040.31,4040.36,0.050,5.0,1
2026-07-15 02:43:54,4040.56,4040.68,0.120,12.0,1
2026-07-15 02:43:59,4040.70,4040.79,0.090,9.0,1
2026-07-15 02:44:04,4040.60,4040.65,0.050,5.0,1
2026-07-15 02:44:09,4040.58,4040.63,0.050,5.0,1
2026-07-15 02:44:14,4040.65,4040.70,0.050,5.0,1
2026-07-15 02:44:19,4040.69,4040.74,0.050,5.0,1
2026-07-15 02:44:24,4040.58,4040.66,0.080,8.0,1
2026-07-15 02:44:29,4040.42,4040.48,0.060,6.0,1
2026-07-15 02:44:34,4041.45,4041.57,0.120,12.0,1
2026-07-15 02:44:39,4041.45,4041.57,0.120,12.0,1
2026-07-15 02:44:44,4041.44,4041.56,0.120,12.0,1
2026-07-15 02:44:49,4041.68,4041.76,0.080,8.0,1
2026-07-15 02:44:54,4041.88,4041.94,0.060,6.0,1
2026-07-15 02:44:59,4041.67,4041.78,0.110,11.0,1
2026-07-15 02:45:04,4041.89,4041.96,0.070,7.0,1
2026-07-15 02:45:09,4041.86,4041.98,0.120,12.0,1
2026-07-15 02:45:14,4041.81,4041.91,0.100,10.0,1
2026-07-15 02:45:19,4041.61,4041.66,0.050,5.0,1
2026-07-15 02:45:24,4041.00,4041.12,0.120,12.0,1
2026-07-15 02:45:29,4041.11,4041.23,0.120,12.0,1
2026-07-15 02:45:34,4040.78,4040.83,0.050,5.0,1
2026-07-15 02:45:39,4040.71,4040.76,0.050,5.0,1
2026-07-15 02:45:44,4040.62,4040.67,0.050,5.0,1
2026-07-15 02:45:49,4040.85,4040.97,0.120,12.0,1
2026-07-15 02:45:54,4040.56,4040.68,0.120,12.0,1
2026-07-15 02:45:59,4040.76,4040.85,0.090,9.0,1
2026-07-15 02:46:04,4040.99,4041.08,0.090,9.0,1
2026-07-15 02:46:09,4040.69,4040.74,0.050,5.0,1
2026-07-15 02:46:14,4040.38,4040.43,0.050,5.0,1
2026-07-15 02:46:19,4040.42,4040.47,0.050,5.0,1
2026-07-15 02:46:24,4040.62,4040.71,0.090,9.0,1
2026-07-15 02:46:29,4040.52,4040.64,0.120,12.0,1
2026-07-15 02:46:34,4040.30,4040.41,0.110,11.0,1
2026-07-15 02:46:39,4040.70,4040.82,0.120,12.0,1
2026-07-15 02:46:44,4040.91,4041.00,0.090,9.0,1
2026-07-15 02:46:49,4040.77,4040.82,0.050,5.0,1
2026-07-15 02:46:54,4040.72,4040.77,0.050,5.0,1
2026-07-15 02:46:59,4040.67,4040.72,0.050,5.0,1
2026-07-15 02:47:04,4040.86,4040.91,0.050,5.0,1
2026-07-15 02:47:09,4040.72,4040.82,0.100,10.0,1
2026-07-15 02:47:14,4040.84,4040.91,0.070,7.0,1
2026-07-15 02:47:19,4041.11,4041.17,0.060,6.0,1
2026-07-15 02:47:24,4041.30,4041.42,0.120,12.0,1
2026-07-15 02:47:29,4041.03,4041.15,0.120,12.0,1
2026-07-15 02:47:34,4041.07,4041.19,0.120,12.0,1
2026-07-15 02:47:39,4040.96,4041.07,0.110,11.0,1
2026-07-15 02:47:44,4041.31,4041.38,0.070,7.0,1
2026-07-15 02:47:49,4041.45,4041.52,0.070,7.0,1
2026-07-15 02:47:54,4041.17,4041.29,0.120,12.0,1
2026-07-15 02:47:59,4041.01,4041.10,0.090,9.0,1
2026-07-15 02:48:04,4040.55,4040.67,0.120,12.0,1
2026-07-15 02:48:09,4040.39,4040.47,0.080,8.0,1
2026-07-15 02:48:14,4040.46,4040.58,0.120,12.0,1
