timestamp_utc,bid,ask,spread_usd_oz,spread_pips,market_open
2026-07-17 00:00:02,3985.99,3986.11,0.120,12.0,1
2026-07-17 00:00:07,3985.08,3985.20,0.120,12.0,1
2026-07-17 00:00:12,3983.72,3983.84,0.120,12.0,1
2026-07-17 00:00:17,3983.84,3983.96,0.120,12.0,1
2026-07-17 00:00:22,3983.87,3983.97,0.100,10.0,1
2026-07-17 00:00:27,3983.93,3984.03,0.100,10.0,1
2026-07-17 00:00:32,3984.22,3984.34,0.120,12.0,1
2026-07-17 00:00:37,3985.00,3985.12,0.120,12.0,1
2026-07-17 00:00:42,3984.80,3984.92,0.120,12.0,1
2026-07-17 00:00:47,3984.53,3984.64,0.110,11.0,1
2026-07-17 00:00:52,3984.52,3984.61,0.090,9.0,1
2026-07-17 00:00:57,3985.17,3985.27,0.100,10.0,1
2026-07-17 00:01:02,3984.95,3985.06,0.110,11.0,1
2026-07-17 00:01:07,3985.66,3985.75,0.090,9.0,1
2026-07-17 00:01:12,3984.98,3985.09,0.110,11.0,1
2026-07-17 00:01:17,3984.53,3984.63,0.100,10.0,1
2026-07-17 00:01:22,3984.39,3984.47,0.080,8.0,1
2026-07-17 00:01:27,3984.86,3984.93,0.070,7.0,1
2026-07-17 00:01:32,3984.63,3984.68,0.050,5.0,1
2026-07-17 00:01:37,3984.82,3984.87,0.050,5.0,1
2026-07-17 00:01:42,3984.50,3984.62,0.120,12.0,1
2026-07-17 00:01:47,3984.48,3984.59,0.110,11.0,1
2026-07-17 00:01:52,3984.61,3984.69,0.080,8.0,1
2026-07-17 00:01:57,3984.54,3984.60,0.060,6.0,1
2026-07-17 00:02:02,3984.30,3984.39,0.090,9.0,1
2026-07-17 00:02:07,3984.34,3984.41,0.070,7.0,1
2026-07-17 00:02:12,3984.29,3984.35,0.060,6.0,1
2026-07-17 00:02:17,3984.60,3984.72,0.120,12.0,1
2026-07-17 00:02:22,3984.43,3984.55,0.120,12.0,1
2026-07-17 00:02:27,3985.01,3985.11,0.100,10.0,1
2026-07-17 00:02:32,3985.04,3985.12,0.080,8.0,1
2026-07-17 00:02:37,3985.20,3985.26,0.060,6.0,1
2026-07-17 00:02:42,3984.98,3985.03,0.050,5.0,1
2026-07-17 00:02:47,3984.91,3984.97,0.060,6.0,1
2026-07-17 00:02:52,3984.89,3984.94,0.050,5.0,1
2026-07-17 00:02:57,3984.73,3984.85,0.120,12.0,1
2026-07-17 00:03:02,3984.92,3985.02,0.100,10.0,1
2026-07-17 00:03:07,3984.90,3984.98,0.080,8.0,1
2026-07-17 00:03:12,3984.59,3984.67,0.080,8.0,1
2026-07-17 00:03:17,3984.36,3984.47,0.110,11.0,1
2026-07-17 00:03:22,3985.52,3985.64,0.120,12.0,1
2026-07-17 00:03:27,3985.55,3985.67,0.120,12.0,1
2026-07-17 00:03:32,3985.73,3985.84,0.110,11.0,1
2026-07-17 00:03:37,3985.68,3985.79,0.110,11.0,1
2026-07-17 00:03:42,3985.50,3985.60,0.100,10.0,1
2026-07-17 00:03:47,3985.60,3985.69,0.090,9.0,1
2026-07-17 00:03:52,3985.66,3985.72,0.060,6.0,1
2026-07-17 00:03:57,3985.55,3985.64,0.090,9.0,1
2026-07-17 00:04:02,3985.03,3985.09,0.060,6.0,1
2026-07-17 00:04:07,3985.74,3985.86,0.120,12.0,1
2026-07-17 00:04:12,3985.74,3985.86,0.120,12.0,1
2026-07-17 00:04:17,3985.61,3985.71,0.100,10.0,1
2026-07-17 00:04:22,3985.94,3986.06,0.120,12.0,1
2026-07-17 00:04:27,3986.02,3986.08,0.060,6.0,1
2026-07-17 00:04:32,3985.94,3985.99,0.050,5.0,1
2026-07-17 00:04:37,3986.13,3986.25,0.120,12.0,1
2026-07-17 00:04:42,3986.26,3986.38,0.120,12.0,1
2026-07-17 00:04:47,3985.66,3985.78,0.120,12.0,1
2026-07-17 00:04:52,3985.14,3985.24,0.100,10.0,1
2026-07-17 00:04:57,3985.03,3985.09,0.060,6.0,1
2026-07-17 00:05:02,3985.03,3985.08,0.050,5.0,1
2026-07-17 00:05:07,3985.47,3985.59,0.120,12.0,1
2026-07-17 00:05:12,3984.94,3985.06,0.120,12.0,1
2026-07-17 00:05:17,3984.88,3984.96,0.080,8.0,1
2026-07-17 00:05:22,3983.92,3984.03,0.110,11.0,1
2026-07-17 00:05:27,3984.47,3984.59,0.120,12.0,1
2026-07-17 00:05:32,3984.63,3984.75,0.120,12.0,1
2026-07-17 00:05:37,3984.47,3984.55,0.080,8.0,1
2026-07-17 00:05:42,3984.89,3985.01,0.120,12.0,1
2026-07-17 00:05:47,3985.13,3985.22,0.090,9.0,1
2026-07-17 00:05:52,3985.34,3985.39,0.050,5.0,1
2026-07-17 00:05:57,3985.51,3985.56,0.050,5.0,1
2026-07-17 00:06:02,3985.22,3985.32,0.100,10.0,1
2026-07-17 00:06:07,3984.10,3984.22,0.120,12.0,1
2026-07-17 00:06:12,3984.48,3984.60,0.120,12.0,1
2026-07-17 00:06:17,3984.37,3984.43,0.060,6.0,1
2026-07-17 00:06:22,3984.08,3984.13,0.050,5.0,1
2026-07-17 00:06:27,3983.79,3983.84,0.050,5.0,1
2026-07-17 00:06:32,3983.75,3983.80,0.050,5.0,1
2026-07-17 00:06:37,3983.80,3983.85,0.050,5.0,1
2026-07-17 00:06:42,3983.77,3983.88,0.110,11.0,1
2026-07-17 00:06:47,3983.92,3983.97,0.050,5.0,1
2026-07-17 00:06:52,3984.21,3984.26,0.050,5.0,1
2026-07-17 00:06:57,3984.61,3984.73,0.120,12.0,1
2026-07-17 00:07:02,3984.72,3984.84,0.120,12.0,1
2026-07-17 00:07:07,3984.89,3985.01,0.120,12.0,1
2026-07-17 00:07:12,3985.10,3985.22,0.120,12.0,1
2026-07-17 00:07:17,3984.97,3985.03,0.060,6.0,1
2026-07-17 00:07:22,3985.26,3985.31,0.050,5.0,1
2026-07-17 00:07:27,3985.22,3985.27,0.050,5.0,1
2026-07-17 00:07:32,3985.61,3985.66,0.050,5.0,1
2026-07-17 00:07:37,3984.89,3985.01,0.120,12.0,1
2026-07-17 00:07:42,3984.39,3984.48,0.090,9.0,1
2026-07-17 00:07:47,3984.66,3984.73,0.070,7.0,1
2026-07-17 00:07:52,3984.95,3985.07,0.120,12.0,1
2026-07-17 00:07:57,3984.67,3984.79,0.120,12.0,1
2026-07-17 00:08:02,3985.07,3985.17,0.100,10.0,1
2026-07-17 00:08:07,3985.38,3985.43,0.050,5.0,1
2026-07-17 00:08:12,3985.64,3985.70,0.060,6.0,1
2026-07-17 00:08:17,3985.74,3985.79,0.050,5.0,1
2026-07-17 00:08:22,3985.50,3985.55,0.050,5.0,1
2026-07-17 00:08:27,3985.53,3985.58,0.050,5.0,1
2026-07-17 00:08:32,3985.80,3985.85,0.050,5.0,1
2026-07-17 00:08:37,3986.38,3986.46,0.080,8.0,1
2026-07-17 00:08:42,3986.22,3986.34,0.120,12.0,1
2026-07-17 00:08:47,3987.30,3987.42,0.120,12.0,1
2026-07-17 00:08:52,3987.24,3987.34,0.100,10.0,1
2026-07-17 00:08:57,3987.03,3987.09,0.060,6.0,1
2026-07-17 00:09:02,3986.72,3986.80,0.080,8.0,1
2026-07-17 00:09:07,3986.54,3986.59,0.050,5.0,1
2026-07-17 00:09:12,3986.41,3986.46,0.050,5.0,1
2026-07-17 00:09:17,3986.38,3986.43,0.050,5.0,1
2026-07-17 00:09:22,3985.96,3986.02,0.060,6.0,1
2026-07-17 00:09:27,3986.15,3986.20,0.050,5.0,1
2026-07-17 00:09:32,3986.38,3986.50,0.120,12.0,1
2026-07-17 00:09:37,3986.04,3986.13,0.090,9.0,1
2026-07-17 00:09:42,3985.78,3985.87,0.090,9.0,1
2026-07-17 00:09:47,3985.87,3985.94,0.070,7.0,1
2026-07-17 00:09:52,3985.64,3985.73,0.090,9.0,1
2026-07-17 00:09:57,3986.02,3986.14,0.120,12.0,1
2026-07-17 00:10:02,3986.44,3986.56,0.120,12.0,1
2026-07-17 00:10:07,3986.90,3987.02,0.120,12.0,1
2026-07-17 00:10:12,3986.61,3986.73,0.120,12.0,1
2026-07-17 00:10:17,3986.50,3986.62,0.120,12.0,1
2026-07-17 00:10:22,3986.20,3986.28,0.080,8.0,1
2026-07-17 00:10:27,3985.95,3986.03,0.080,8.0,1
2026-07-17 00:10:32,3985.83,3985.88,0.050,5.0,1
2026-07-17 00:10:37,3985.84,3985.89,0.050,5.0,1
2026-07-17 00:10:42,3985.65,3985.70,0.050,5.0,1
2026-07-17 00:10:47,3984.83,3984.95,0.120,12.0,1
2026-07-17 00:10:52,3984.51,3984.60,0.090,9.0,1
2026-07-17 00:10:57,3984.84,3984.96,0.120,12.0,1
2026-07-17 00:11:02,3985.30,3985.42,0.120,12.0,1
2026-07-17 00:11:07,3985.20,3985.32,0.120,12.0,1
2026-07-17 00:11:12,3984.76,3984.88,0.120,12.0,1
2026-07-17 00:11:17,3984.78,3984.87,0.090,9.0,1
2026-07-17 00:11:22,3984.91,3985.03,0.120,12.0,1
2026-07-17 00:11:27,3985.07,3985.14,0.070,7.0,1
2026-07-17 00:11:32,3985.07,3985.12,0.050,5.0,1
2026-07-17 00:11:37,3984.92,3984.97,0.050,5.0,1
2026-07-17 00:11:42,3985.04,3985.09,0.050,5.0,1
2026-07-17 00:11:47,3984.98,3985.03,0.050,5.0,1
2026-07-17 00:11:52,3984.81,3984.86,0.050,5.0,1
2026-07-17 00:11:57,3985.25,3985.37,0.120,12.0,1
2026-07-17 00:12:02,3984.26,3984.38,0.120,12.0,1
2026-07-17 00:12:07,3984.92,3985.04,0.120,12.0,1
2026-07-17 00:12:12,3984.49,3984.61,0.120,12.0,1
2026-07-17 00:12:17,3984.42,3984.50,0.080,8.0,1
2026-07-17 00:12:22,3984.19,3984.24,0.050,5.0,1
2026-07-17 00:12:27,3984.06,3984.11,0.050,5.0,1
2026-07-17 00:12:32,3983.97,3984.09,0.120,12.0,1
2026-07-17 00:12:37,3984.17,3984.29,0.120,12.0,1
2026-07-17 00:12:42,3984.64,3984.70,0.060,6.0,1
2026-07-17 00:12:47,3986.35,3986.47,0.120,12.0,1
2026-07-17 00:12:52,3986.07,3986.19,0.120,12.0,1
2026-07-17 00:12:57,3986.16,3986.27,0.110,11.0,1
2026-07-17 00:13:02,3986.74,3986.86,0.120,12.0,1
2026-07-17 00:13:07,3986.59,3986.69,0.100,10.0,1
2026-07-17 00:13:12,3986.38,3986.46,0.080,8.0,1
2026-07-17 00:13:17,3986.21,3986.28,0.070,7.0,1
2026-07-17 00:13:22,3985.81,3985.86,0.050,5.0,1
2026-07-17 00:13:27,3984.96,3985.07,0.110,11.0,1
2026-07-17 00:13:32,3985.04,3985.12,0.080,8.0,1
2026-07-17 00:13:37,3984.87,3984.92,0.050,5.0,1
2026-07-17 00:13:42,3984.83,3984.88,0.050,5.0,1
2026-07-17 00:13:47,3984.73,3984.78,0.050,5.0,1
2026-07-17 00:13:52,3984.77,3984.82,0.050,5.0,1
2026-07-17 00:13:57,3984.11,3984.23,0.120,12.0,1
2026-07-17 00:14:02,3984.13,3984.24,0.110,11.0,1
2026-07-17 00:14:07,3984.06,3984.14,0.080,8.0,1
2026-07-17 00:14:12,3983.73,3983.82,0.090,9.0,1
2026-07-17 00:14:17,3983.55,3983.62,0.070,7.0,1
2026-07-17 00:14:22,3984.22,3984.34,0.120,12.0,1
2026-07-17 00:14:27,3984.10,3984.22,0.120,12.0,1
2026-07-17 00:14:32,3984.27,3984.39,0.120,12.0,1
2026-07-17 00:14:37,3983.99,3984.11,0.120,12.0,1
2026-07-17 00:14:42,3983.49,3983.61,0.120,12.0,1
2026-07-17 00:14:47,3983.55,3983.67,0.120,12.0,1
2026-07-17 00:14:52,3983.41,3983.49,0.080,8.0,1
2026-07-17 00:14:57,3983.31,3983.39,0.080,8.0,1
2026-07-17 00:15:02,3984.68,3984.80,0.120,12.0,1
2026-07-17 00:15:07,3984.92,3985.04,0.120,12.0,1
2026-07-17 00:15:12,3984.50,3984.62,0.120,12.0,1
2026-07-17 00:15:17,3984.53,3984.60,0.070,7.0,1
2026-07-17 00:15:22,3984.30,3984.42,0.120,12.0,1
2026-07-17 00:15:27,3984.27,3984.32,0.050,5.0,1
2026-07-17 00:15:32,3984.70,3984.82,0.120,12.0,1
2026-07-17 00:15:37,3985.18,3985.30,0.120,12.0,1
2026-07-17 00:15:42,3985.06,3985.17,0.110,11.0,1
2026-07-17 00:15:47,3984.87,3984.92,0.050,5.0,1
2026-07-17 00:15:52,3984.71,3984.76,0.050,5.0,1
2026-07-17 00:15:57,3985.43,3985.55,0.120,12.0,1
2026-07-17 00:16:02,3985.76,3985.81,0.050,5.0,1
2026-07-17 00:16:07,3985.91,3986.03,0.120,12.0,1
2026-07-17 00:16:12,3984.73,3984.85,0.120,12.0,1
2026-07-17 00:16:17,3985.15,3985.27,0.120,12.0,1
2026-07-17 00:16:22,3985.20,3985.30,0.100,10.0,1
2026-07-17 00:16:27,3985.23,3985.28,0.050,5.0,1
2026-07-17 00:16:32,3985.32,3985.40,0.080,8.0,1
2026-07-17 00:16:37,3985.65,3985.70,0.050,5.0,1
2026-07-17 00:16:42,3985.69,3985.74,0.050,5.0,1
2026-07-17 00:16:47,3985.86,3985.91,0.050,5.0,1
2026-07-17 00:16:52,3985.82,3985.87,0.050,5.0,1
2026-07-17 00:16:57,3986.05,3986.10,0.050,5.0,1
2026-07-17 00:17:02,3986.11,3986.23,0.120,12.0,1
2026-07-17 00:17:07,3985.78,3985.83,0.050,5.0,1
2026-07-17 00:17:12,3985.76,3985.81,0.050,5.0,1
2026-07-17 00:17:17,3985.59,3985.64,0.050,5.0,1
2026-07-17 00:17:22,3985.88,3986.00,0.120,12.0,1
2026-07-17 00:17:27,3986.97,3987.09,0.120,12.0,1
2026-07-17 00:17:32,3987.00,3987.12,0.120,12.0,1
2026-07-17 00:17:37,3987.27,3987.39,0.120,12.0,1
2026-07-17 00:17:42,3987.80,3987.89,0.090,9.0,1
2026-07-17 00:17:47,3987.76,3987.88,0.120,12.0,1
2026-07-17 00:17:52,3988.03,3988.12,0.090,9.0,1
2026-07-17 00:17:57,3988.16,3988.21,0.050,5.0,1
2026-07-17 00:18:02,3989.74,3989.86,0.120,12.0,1
2026-07-17 00:18:07,3990.09,3990.21,0.120,12.0,1
2026-07-17 00:18:12,3990.37,3990.49,0.120,12.0,1
2026-07-17 00:18:17,3990.21,3990.32,0.110,11.0,1
2026-07-17 00:18:22,3990.36,3990.44,0.080,8.0,1
2026-07-17 00:18:27,3990.23,3990.30,0.070,7.0,1
2026-07-17 00:18:32,3990.56,3990.66,0.100,10.0,1
2026-07-17 00:18:37,3989.22,3989.34,0.120,12.0,1
2026-07-17 00:18:42,3988.91,3989.03,0.120,12.0,1
2026-07-17 00:18:47,3988.39,3988.50,0.110,11.0,1
2026-07-17 00:18:52,3988.35,3988.43,0.080,8.0,1
2026-07-17 00:18:57,3987.81,3987.87,0.060,6.0,1
2026-07-17 00:19:02,3988.29,3988.37,0.080,8.0,1
2026-07-17 00:19:07,3988.35,3988.40,0.050,5.0,1
2026-07-17 00:19:12,3988.27,3988.32,0.050,5.0,1
2026-07-17 00:19:17,3987.97,3988.02,0.050,5.0,1
2026-07-17 00:19:22,3987.88,3987.94,0.060,6.0,1
2026-07-17 00:19:27,3987.76,3987.81,0.050,5.0,1
2026-07-17 00:19:32,3987.89,3987.95,0.060,6.0,1
2026-07-17 00:19:37,3988.28,3988.35,0.070,7.0,1
2026-07-17 00:19:42,3988.23,3988.28,0.050,5.0,1
2026-07-17 00:19:47,3988.34,3988.41,0.070,7.0,1
2026-07-17 00:19:52,3988.35,3988.42,0.070,7.0,1
2026-07-17 00:19:57,3988.12,3988.17,0.050,5.0,1
2026-07-17 00:20:02,3987.91,3988.03,0.120,12.0,1
2026-07-17 00:20:07,3988.00,3988.12,0.120,12.0,1
2026-07-17 00:20:12,3988.13,3988.25,0.120,12.0,1
2026-07-17 00:20:17,3988.02,3988.10,0.080,8.0,1
2026-07-17 00:20:22,3987.90,3987.97,0.070,7.0,1
2026-07-17 00:20:27,3988.11,3988.21,0.100,10.0,1
2026-07-17 00:20:32,3988.82,3988.94,0.120,12.0,1
2026-07-17 00:20:37,3988.75,3988.86,0.110,11.0,1
2026-07-17 00:20:42,3988.62,3988.70,0.080,8.0,1
2026-07-17 00:20:47,3988.78,3988.85,0.070,7.0,1
2026-07-17 00:20:52,3988.91,3988.96,0.050,5.0,1
2026-07-17 00:20:57,3988.93,3988.98,0.050,5.0,1
2026-07-17 00:21:02,3989.02,3989.07,0.050,5.0,1
2026-07-17 00:21:07,3989.12,3989.17,0.050,5.0,1
2026-07-17 00:21:12,3989.41,3989.49,0.080,8.0,1
2026-07-17 00:21:17,3988.87,3988.99,0.120,12.0,1
2026-07-17 00:21:22,3989.02,3989.13,0.110,11.0,1
2026-07-17 00:21:27,3989.49,3989.59,0.100,10.0,1
2026-07-17 00:21:32,3989.73,3989.84,0.110,11.0,1
2026-07-17 00:21:37,3989.48,3989.57,0.090,9.0,1
2026-07-17 00:21:42,3989.45,3989.53,0.080,8.0,1
2026-07-17 00:21:47,3988.72,3988.84,0.120,12.0,1
2026-07-17 00:21:52,3989.14,3989.26,0.120,12.0,1
2026-07-17 00:21:57,3989.44,3989.56,0.120,12.0,1
2026-07-17 00:22:02,3989.32,3989.42,0.100,10.0,1
2026-07-17 00:22:07,3989.29,3989.41,0.120,12.0,1
2026-07-17 00:22:12,3989.06,3989.15,0.090,9.0,1
2026-07-17 00:22:17,3989.35,3989.47,0.120,12.0,1
2026-07-17 00:22:22,3989.33,3989.42,0.090,9.0,1
2026-07-17 00:22:27,3989.55,3989.64,0.090,9.0,1
2026-07-17 00:22:32,3989.66,3989.74,0.080,8.0,1
2026-07-17 00:22:37,3989.78,3989.83,0.050,5.0,1
2026-07-17 00:22:42,3989.59,3989.67,0.080,8.0,1
2026-07-17 00:22:47,3989.80,3989.85,0.050,5.0,1
2026-07-17 00:22:52,3990.22,3990.27,0.050,5.0,1
2026-07-17 00:22:57,3989.96,3990.04,0.080,8.0,1
2026-07-17 00:23:02,3989.66,3989.78,0.120,12.0,1
2026-07-17 00:23:07,3989.37,3989.46,0.090,9.0,1
2026-07-17 00:23:12,3989.97,3990.06,0.090,9.0,1
2026-07-17 00:23:17,3990.32,3990.44,0.120,12.0,1
2026-07-17 00:23:22,3990.27,3990.39,0.120,12.0,1
2026-07-17 00:23:27,3988.80,3988.92,0.120,12.0,1
2026-07-17 00:23:32,3989.19,3989.31,0.120,12.0,1
2026-07-17 00:23:37,3988.80,3988.92,0.120,12.0,1
2026-07-17 00:23:42,3988.62,3988.73,0.110,11.0,1
2026-07-17 00:23:47,3988.87,3988.96,0.090,9.0,1
2026-07-17 00:23:52,3988.61,3988.68,0.070,7.0,1
2026-07-17 00:23:57,3988.52,3988.58,0.060,6.0,1
2026-07-17 00:24:02,3988.10,3988.19,0.090,9.0,1
2026-07-17 00:24:07,3988.23,3988.33,0.100,10.0,1
2026-07-17 00:24:12,3988.35,3988.45,0.100,10.0,1
2026-07-17 00:24:17,3988.44,3988.52,0.080,8.0,1
2026-07-17 00:24:22,3988.56,3988.64,0.080,8.0,1
2026-07-17 00:24:27,3988.35,3988.44,0.090,9.0,1
2026-07-17 00:24:32,3988.40,3988.46,0.060,6.0,1
2026-07-17 00:24:37,3987.24,3987.36,0.120,12.0,1
2026-07-17 00:24:42,3987.37,3987.48,0.110,11.0,1
2026-07-17 00:24:47,3987.05,3987.15,0.100,10.0,1
2026-07-17 00:24:52,3986.94,3987.00,0.060,6.0,1
2026-07-17 00:24:57,3986.92,3986.97,0.050,5.0,1
2026-07-17 00:25:02,3986.44,3986.51,0.070,7.0,1
2026-07-17 00:25:07,3986.35,3986.43,0.080,8.0,1
2026-07-17 00:25:12,3986.15,3986.26,0.110,11.0,1
2026-07-17 00:25:17,3986.07,3986.14,0.070,7.0,1
2026-07-17 00:25:22,3985.55,3985.67,0.120,12.0,1
2026-07-17 00:25:27,3985.43,3985.55,0.120,12.0,1
2026-07-17 00:25:32,3985.43,3985.51,0.080,8.0,1
2026-07-17 00:25:37,3985.24,3985.32,0.080,8.0,1
2026-07-17 00:25:42,3985.12,3985.18,0.060,6.0,1
2026-07-17 00:25:47,3985.17,3985.22,0.050,5.0,1
2026-07-17 00:25:52,3985.31,3985.36,0.050,5.0,1
2026-07-17 00:25:57,3985.37,3985.42,0.050,5.0,1
2026-07-17 00:26:02,3985.50,3985.56,0.060,6.0,1
2026-07-17 00:26:07,3985.56,3985.61,0.050,5.0,1
2026-07-17 00:26:12,3985.89,3986.00,0.110,11.0,1
2026-07-17 00:26:17,3985.98,3986.09,0.110,11.0,1
2026-07-17 00:26:22,3985.98,3986.07,0.090,9.0,1
2026-07-17 00:26:27,3985.96,3986.03,0.070,7.0,1
2026-07-17 00:26:32,3985.63,3985.71,0.080,8.0,1
2026-07-17 00:26:37,3985.18,3985.30,0.120,12.0,1
2026-07-17 00:26:42,3984.95,3985.07,0.120,12.0,1
2026-07-17 00:26:47,3985.88,3986.00,0.120,12.0,1
2026-07-17 00:26:52,3985.56,3985.68,0.120,12.0,1
2026-07-17 00:26:57,3985.61,3985.71,0.100,10.0,1
2026-07-17 00:27:02,3985.75,3985.83,0.080,8.0,1
2026-07-17 00:27:07,3985.64,3985.69,0.050,5.0,1
2026-07-17 00:27:12,3985.40,3985.47,0.070,7.0,1
2026-07-17 00:27:17,3984.73,3984.85,0.120,12.0,1
2026-07-17 00:27:22,3984.91,3985.00,0.090,9.0,1
2026-07-17 00:27:27,3985.21,3985.33,0.120,12.0,1
2026-07-17 00:27:32,3985.29,3985.38,0.090,9.0,1
2026-07-17 00:27:37,3985.72,3985.79,0.070,7.0,1
2026-07-17 00:27:42,3986.13,3986.25,0.120,12.0,1
2026-07-17 00:27:47,3986.07,3986.14,0.070,7.0,1
2026-07-17 00:27:52,3986.06,3986.11,0.050,5.0,1
2026-07-17 00:27:57,3985.91,3985.96,0.050,5.0,1
2026-07-17 00:28:02,3985.96,3986.04,0.080,8.0,1
2026-07-17 00:28:07,3985.75,3985.80,0.050,5.0,1
2026-07-17 00:28:12,3985.84,3985.92,0.080,8.0,1
2026-07-17 00:28:17,3986.12,3986.23,0.110,11.0,1
2026-07-17 00:28:22,3986.04,3986.11,0.070,7.0,1
2026-07-17 00:28:27,3986.34,3986.46,0.120,12.0,1
2026-07-17 00:28:32,3986.34,3986.39,0.050,5.0,1
2026-07-17 00:28:37,3986.28,3986.33,0.050,5.0,1
2026-07-17 00:28:42,3986.30,3986.35,0.050,5.0,1
2026-07-17 00:28:47,3986.07,3986.12,0.050,5.0,1
2026-07-17 00:28:52,3985.69,3985.74,0.050,5.0,1
2026-07-17 00:28:57,3985.94,3986.06,0.120,12.0,1
2026-07-17 00:29:02,3985.68,3985.80,0.120,12.0,1
2026-07-17 00:29:07,3985.91,3986.03,0.120,12.0,1
2026-07-17 00:29:12,3985.87,3985.99,0.120,12.0,1
2026-07-17 00:29:17,3985.83,3985.95,0.120,12.0,1
2026-07-17 00:29:22,3985.76,3985.84,0.080,8.0,1
2026-07-17 00:29:27,3985.70,3985.77,0.070,7.0,1
2026-07-17 00:29:32,3985.24,3985.33,0.090,9.0,1
2026-07-17 00:29:37,3985.24,3985.33,0.090,9.0,1
2026-07-17 00:29:42,3985.06,3985.17,0.110,11.0,1
2026-07-17 00:29:47,3984.61,3984.73,0.120,12.0,1
2026-07-17 00:29:52,3984.26,3984.38,0.120,12.0,1
2026-07-17 00:29:57,3984.62,3984.74,0.120,12.0,1
2026-07-17 00:30:02,3984.93,3985.03,0.100,10.0,1
2026-07-17 00:30:07,3984.95,3985.03,0.080,8.0,1
2026-07-17 00:30:12,3984.27,3984.39,0.120,12.0,1
2026-07-17 00:30:17,3983.20,3983.32,0.120,12.0,1
2026-07-17 00:30:22,3983.46,3983.58,0.120,12.0,1
2026-07-17 00:30:27,3983.42,3983.53,0.110,11.0,1
2026-07-17 00:30:32,3983.00,3983.09,0.090,9.0,1
2026-07-17 00:30:37,3983.29,3983.41,0.120,12.0,1
2026-07-17 00:30:42,3983.26,3983.32,0.060,6.0,1
2026-07-17 00:30:47,3982.82,3982.90,0.080,8.0,1
2026-07-17 00:30:52,3982.77,3982.89,0.120,12.0,1
2026-07-17 00:30:57,3982.41,3982.53,0.120,12.0,1
2026-07-17 00:31:02,3982.60,3982.72,0.120,12.0,1
2026-07-17 00:31:07,3983.21,3983.33,0.120,12.0,1
2026-07-17 00:31:12,3983.62,3983.74,0.120,12.0,1
2026-07-17 00:31:17,3983.58,3983.67,0.090,9.0,1
2026-07-17 00:31:22,3983.14,3983.23,0.090,9.0,1
2026-07-17 00:31:27,3983.25,3983.30,0.050,5.0,1
2026-07-17 00:31:32,3981.25,3981.37,0.120,12.0,1
2026-07-17 00:31:37,3981.71,3981.83,0.120,12.0,1
2026-07-17 00:31:42,3982.34,3982.46,0.120,12.0,1
2026-07-17 00:31:47,3982.39,3982.46,0.070,7.0,1
2026-07-17 00:31:52,3982.60,3982.65,0.050,5.0,1
2026-07-17 00:31:57,3983.13,3983.19,0.060,6.0,1
2026-07-17 00:32:02,3983.37,3983.49,0.120,12.0,1
2026-07-17 00:32:07,3983.60,3983.70,0.100,10.0,1
2026-07-17 00:32:12,3983.46,3983.58,0.120,12.0,1
2026-07-17 00:32:17,3983.77,3983.89,0.120,12.0,1
2026-07-17 00:32:22,3984.36,3984.41,0.050,5.0,1
2026-07-17 00:32:27,3984.07,3984.16,0.090,9.0,1
2026-07-17 00:32:32,3984.21,3984.33,0.120,12.0,1
2026-07-17 00:32:37,3984.48,3984.60,0.120,12.0,1
2026-07-17 00:32:42,3984.26,3984.38,0.120,12.0,1
2026-07-17 00:32:47,3984.67,3984.77,0.100,10.0,1
2026-07-17 00:32:52,3983.60,3983.72,0.120,12.0,1
2026-07-17 00:32:57,3982.53,3982.65,0.120,12.0,1
2026-07-17 00:33:02,3982.57,3982.69,0.120,12.0,1
2026-07-17 00:33:07,3983.34,3983.44,0.100,10.0,1
2026-07-17 00:33:12,3983.18,3983.24,0.060,6.0,1
2026-07-17 00:33:17,3983.55,3983.60,0.050,5.0,1
2026-07-17 00:33:22,3983.55,3983.61,0.060,6.0,1
2026-07-17 00:33:27,3983.58,3983.63,0.050,5.0,1
2026-07-17 00:33:32,3983.65,3983.70,0.050,5.0,1
2026-07-17 00:33:37,3983.69,3983.74,0.050,5.0,1
2026-07-17 00:33:42,3983.71,3983.77,0.060,6.0,1
2026-07-17 00:33:47,3983.65,3983.71,0.060,6.0,1
2026-07-17 00:33:52,3983.64,3983.69,0.050,5.0,1
2026-07-17 00:33:57,3983.13,3983.21,0.080,8.0,1
2026-07-17 00:34:02,3981.98,3982.07,0.090,9.0,1
2026-07-17 00:34:07,3981.31,3981.43,0.120,12.0,1
2026-07-17 00:34:12,3981.27,3981.39,0.120,12.0,1
2026-07-17 00:34:17,3981.34,3981.43,0.090,9.0,1
2026-07-17 00:34:22,3981.69,3981.79,0.100,10.0,1
2026-07-17 00:34:27,3981.71,3981.76,0.050,5.0,1
2026-07-17 00:34:32,3981.50,3981.55,0.050,5.0,1
2026-07-17 00:34:37,3981.56,3981.61,0.050,5.0,1
2026-07-17 00:34:42,3981.41,3981.46,0.050,5.0,1
2026-07-17 00:34:47,3981.25,3981.32,0.070,7.0,1
2026-07-17 00:34:52,3981.21,3981.27,0.060,6.0,1
2026-07-17 00:34:57,3981.59,3981.71,0.120,12.0,1
2026-07-17 00:35:02,3982.57,3982.69,0.120,12.0,1
2026-07-17 00:35:07,3982.90,3983.02,0.120,12.0,1
2026-07-17 00:35:12,3982.27,3982.39,0.120,12.0,1
2026-07-17 00:35:17,3982.15,3982.24,0.090,9.0,1
2026-07-17 00:35:22,3982.14,3982.19,0.050,5.0,1
2026-07-17 00:35:27,3982.26,3982.31,0.050,5.0,1
2026-07-17 00:35:32,3982.36,3982.41,0.050,5.0,1
2026-07-17 00:35:37,3982.32,3982.37,0.050,5.0,1
2026-07-17 00:35:42,3982.28,3982.33,0.050,5.0,1
2026-07-17 00:35:47,3982.51,3982.56,0.050,5.0,1
2026-07-17 00:35:52,3982.21,3982.26,0.050,5.0,1
2026-07-17 00:35:57,3982.34,3982.39,0.050,5.0,1
2026-07-17 00:36:02,3982.37,3982.42,0.050,5.0,1
2026-07-17 00:36:07,3982.97,3983.03,0.060,6.0,1
2026-07-17 00:36:12,3983.05,3983.11,0.060,6.0,1
2026-07-17 00:36:17,3983.24,3983.32,0.080,8.0,1
2026-07-17 00:36:22,3983.33,3983.40,0.070,7.0,1
2026-07-17 00:36:27,3983.12,3983.22,0.100,10.0,1
2026-07-17 00:36:32,3983.26,3983.35,0.090,9.0,1
2026-07-17 00:36:37,3983.36,3983.46,0.100,10.0,1
2026-07-17 00:36:42,3983.18,3983.28,0.100,10.0,1
2026-07-17 00:36:47,3983.33,3983.42,0.090,9.0,1
2026-07-17 00:36:52,3983.71,3983.81,0.100,10.0,1
2026-07-17 00:36:57,3983.57,3983.67,0.100,10.0,1
2026-07-17 00:37:02,3983.60,3983.69,0.090,9.0,1
2026-07-17 00:37:07,3983.07,3983.17,0.100,10.0,1
2026-07-17 00:37:12,3982.94,3983.04,0.100,10.0,1
2026-07-17 00:37:17,3982.93,3983.03,0.100,10.0,1
2026-07-17 00:37:22,3983.17,3983.27,0.100,10.0,1
2026-07-17 00:37:27,3983.57,3983.66,0.090,9.0,1
2026-07-17 00:37:32,3983.49,3983.59,0.100,10.0,1
2026-07-17 00:37:37,3983.69,3983.79,0.100,10.0,1
2026-07-17 00:37:42,3983.95,3984.04,0.090,9.0,1
2026-07-17 00:37:47,3983.72,3983.81,0.090,9.0,1
2026-07-17 00:37:52,3983.90,3984.01,0.110,11.0,1
2026-07-17 00:37:57,3983.77,3983.86,0.090,9.0,1
2026-07-17 00:38:02,3983.93,3984.03,0.100,10.0,1
2026-07-17 00:38:07,3984.02,3984.11,0.090,9.0,1
2026-07-17 00:38:12,3983.70,3983.81,0.110,11.0,1
2026-07-17 00:38:17,3983.91,3984.02,0.110,11.0,1
2026-07-17 00:38:22,3983.80,3983.89,0.090,9.0,1
2026-07-17 00:38:27,3984.62,3984.74,0.120,12.0,1
2026-07-17 00:38:32,3984.29,3984.41,0.120,12.0,1
2026-07-17 00:38:37,3984.38,3984.48,0.100,10.0,1
2026-07-17 00:38:42,3984.39,3984.46,0.070,7.0,1
2026-07-17 00:38:47,3984.07,3984.18,0.110,11.0,1
2026-07-17 00:38:52,3984.38,3984.50,0.120,12.0,1
2026-07-17 00:38:57,3984.12,3984.24,0.120,12.0,1
2026-07-17 00:39:02,3984.16,3984.23,0.070,7.0,1
2026-07-17 00:39:07,3983.96,3984.03,0.070,7.0,1
2026-07-17 00:39:12,3983.66,3983.76,0.100,10.0,1
2026-07-17 00:39:17,3983.64,3983.71,0.070,7.0,1
2026-07-17 00:39:22,3983.57,3983.67,0.100,10.0,1
2026-07-17 00:39:27,3983.26,3983.38,0.120,12.0,1
2026-07-17 00:39:32,3983.21,3983.30,0.090,9.0,1
2026-07-17 00:39:37,3982.32,3982.44,0.120,12.0,1
2026-07-17 00:39:42,3981.90,3982.02,0.120,12.0,1
2026-07-17 00:39:47,3981.72,3981.84,0.120,12.0,1
2026-07-17 00:39:52,3981.77,3981.87,0.100,10.0,1
2026-07-17 00:39:57,3981.44,3981.52,0.080,8.0,1
2026-07-17 00:40:02,3982.55,3982.67,0.120,12.0,1
2026-07-17 00:40:07,3982.21,3982.33,0.120,12.0,1
2026-07-17 00:40:12,3982.24,3982.34,0.100,10.0,1
2026-07-17 00:40:17,3982.13,3982.20,0.070,7.0,1
2026-07-17 00:40:22,3982.55,3982.66,0.110,11.0,1
2026-07-17 00:40:27,3982.52,3982.60,0.080,8.0,1
2026-07-17 00:40:32,3982.50,3982.60,0.100,10.0,1
2026-07-17 00:40:37,3982.42,3982.49,0.070,7.0,1
2026-07-17 00:40:42,3982.28,3982.33,0.050,5.0,1
2026-07-17 00:40:47,3981.86,3981.93,0.070,7.0,1
2026-07-17 00:40:52,3981.81,3981.89,0.080,8.0,1
2026-07-17 00:40:57,3981.66,3981.74,0.080,8.0,1
2026-07-17 00:41:02,3981.38,3981.47,0.090,9.0,1
2026-07-17 00:41:07,3981.20,3981.31,0.110,11.0,1
2026-07-17 00:41:12,3981.71,3981.83,0.120,12.0,1
2026-07-17 00:41:17,3981.81,3981.92,0.110,11.0,1
2026-07-17 00:41:22,3982.00,3982.07,0.070,7.0,1
2026-07-17 00:41:27,3981.63,3981.70,0.070,7.0,1
2026-07-17 00:41:32,3981.64,3981.69,0.050,5.0,1
2026-07-17 00:41:37,3981.72,3981.77,0.050,5.0,1
2026-07-17 00:41:42,3981.73,3981.78,0.050,5.0,1
2026-07-17 00:41:47,3981.72,3981.77,0.050,5.0,1
2026-07-17 00:41:52,3981.44,3981.50,0.060,6.0,1
2026-07-17 00:41:57,3981.67,3981.78,0.110,11.0,1
2026-07-17 00:42:02,3981.24,3981.35,0.110,11.0,1
2026-07-17 00:42:07,3981.02,3981.13,0.110,11.0,1
2026-07-17 00:42:12,3981.37,3981.49,0.120,12.0,1
2026-07-17 00:42:17,3981.53,3981.62,0.090,9.0,1
2026-07-17 00:42:22,3981.98,3982.10,0.120,12.0,1
2026-07-17 00:42:27,3981.68,3981.80,0.120,12.0,1
2026-07-17 00:42:32,3981.69,3981.79,0.100,10.0,1
2026-07-17 00:42:37,3981.71,3981.76,0.050,5.0,1
2026-07-17 00:42:42,3981.91,3981.99,0.080,8.0,1
2026-07-17 00:42:47,3981.90,3981.97,0.070,7.0,1
2026-07-17 00:42:52,3982.12,3982.19,0.070,7.0,1
2026-07-17 00:42:57,3982.38,3982.43,0.050,5.0,1
2026-07-17 00:43:02,3982.37,3982.46,0.090,9.0,1
2026-07-17 00:43:07,3982.16,3982.28,0.120,12.0,1
2026-07-17 00:43:12,3981.71,3981.82,0.110,11.0,1
2026-07-17 00:43:17,3981.47,3981.59,0.120,12.0,1
2026-07-17 00:43:22,3981.41,3981.50,0.090,9.0,1
2026-07-17 00:43:27,3981.55,3981.60,0.050,5.0,1
2026-07-17 00:43:32,3981.17,3981.22,0.050,5.0,1
2026-07-17 00:43:37,3981.65,3981.76,0.110,11.0,1
2026-07-17 00:43:42,3981.33,3981.45,0.120,12.0,1
2026-07-17 00:43:47,3981.36,3981.44,0.080,8.0,1
2026-07-17 00:43:52,3981.68,3981.73,0.050,5.0,1
2026-07-17 00:43:57,3981.81,3981.89,0.080,8.0,1
2026-07-17 00:44:02,3981.29,3981.41,0.120,12.0,1
2026-07-17 00:44:07,3981.67,3981.79,0.120,12.0,1
2026-07-17 00:44:12,3981.57,3981.69,0.120,12.0,1
2026-07-17 00:44:17,3981.34,3981.46,0.120,12.0,1
2026-07-17 00:44:22,3981.71,3981.83,0.120,12.0,1
2026-07-17 00:44:27,3981.60,3981.69,0.090,9.0,1
2026-07-17 00:44:32,3981.74,3981.80,0.060,6.0,1
2026-07-17 00:44:37,3980.96,3981.05,0.090,9.0,1
2026-07-17 00:44:42,3981.16,3981.28,0.120,12.0,1
2026-07-17 00:44:47,3981.13,3981.22,0.090,9.0,1
2026-07-17 00:44:52,3981.21,3981.31,0.100,10.0,1
2026-07-17 00:44:57,3981.96,3982.08,0.120,12.0,1
2026-07-17 00:45:02,3981.90,3982.02,0.120,12.0,1
2026-07-17 00:45:07,3982.73,3982.85,0.120,12.0,1
2026-07-17 00:45:12,3983.18,3983.30,0.120,12.0,1
2026-07-17 00:45:17,3983.54,3983.66,0.120,12.0,1
2026-07-17 00:45:22,3983.36,3983.48,0.120,12.0,1
2026-07-17 00:45:27,3983.26,3983.36,0.100,10.0,1
2026-07-17 00:45:32,3983.60,3983.69,0.090,9.0,1
2026-07-17 00:45:37,3983.06,3983.16,0.100,10.0,1
2026-07-17 00:45:42,3984.09,3984.21,0.120,12.0,1
2026-07-17 00:45:47,3983.90,3984.00,0.100,10.0,1
2026-07-17 00:45:52,3983.49,3983.59,0.100,10.0,1
2026-07-17 00:45:57,3983.53,3983.61,0.080,8.0,1
2026-07-17 00:46:02,3983.89,3984.01,0.120,12.0,1
2026-07-17 00:46:07,3984.83,3984.95,0.120,12.0,1
2026-07-17 00:46:12,3986.20,3986.32,0.120,12.0,1
2026-07-17 00:46:17,3984.96,3985.08,0.120,12.0,1
2026-07-17 00:46:22,3985.49,3985.61,0.120,12.0,1
2026-07-17 00:46:27,3985.71,3985.80,0.090,9.0,1
2026-07-17 00:46:32,3985.42,3985.51,0.090,9.0,1
2026-07-17 00:46:37,3987.04,3987.16,0.120,12.0,1
2026-07-17 00:46:42,3986.71,3986.83,0.120,12.0,1
2026-07-17 00:46:47,3986.21,3986.31,0.100,10.0,1
2026-07-17 00:46:52,3986.39,3986.47,0.080,8.0,1
2026-07-17 00:46:57,3986.61,3986.67,0.060,6.0,1
2026-07-17 00:47:02,3986.50,3986.55,0.050,5.0,1
2026-07-17 00:47:07,3986.29,3986.35,0.060,6.0,1
2026-07-17 00:47:12,3986.20,3986.25,0.050,5.0,1
2026-07-17 00:47:17,3986.60,3986.67,0.070,7.0,1
2026-07-17 00:47:22,3986.60,3986.66,0.060,6.0,1
2026-07-17 00:47:27,3986.65,3986.70,0.050,5.0,1
2026-07-17 00:47:32,3986.56,3986.61,0.050,5.0,1
2026-07-17 00:47:37,3986.57,3986.62,0.050,5.0,1
2026-07-17 00:47:42,3986.68,3986.73,0.050,5.0,1
2026-07-17 00:47:47,3987.00,3987.07,0.070,7.0,1
2026-07-17 00:47:52,3986.70,3986.78,0.080,8.0,1
2026-07-17 00:47:57,3986.69,3986.77,0.080,8.0,1
2026-07-17 00:48:02,3986.94,3987.02,0.080,8.0,1
2026-07-17 00:48:07,3987.07,3987.16,0.090,9.0,1
2026-07-17 00:48:12,3987.05,3987.13,0.080,8.0,1
2026-07-17 00:48:17,3987.35,3987.43,0.080,8.0,1
2026-07-17 00:48:22,3986.95,3987.06,0.110,11.0,1
2026-07-17 00:48:27,3986.18,3986.30,0.120,12.0,1
2026-07-17 00:48:32,3985.18,3985.30,0.120,12.0,1
2026-07-17 00:48:37,3985.93,3986.05,0.120,12.0,1
2026-07-17 00:48:42,3986.24,3986.34,0.100,10.0,1
2026-07-17 00:48:47,3986.25,3986.36,0.110,11.0,1
2026-07-17 00:48:52,3986.19,3986.27,0.080,8.0,1
2026-07-17 00:48:57,3986.15,3986.23,0.080,8.0,1
2026-07-17 00:49:02,3986.25,3986.35,0.100,10.0,1
2026-07-17 00:49:07,3986.25,3986.34,0.090,9.0,1
2026-07-17 00:49:12,3986.26,3986.37,0.110,11.0,1
2026-07-17 00:49:17,3986.19,3986.29,0.100,10.0,1
2026-07-17 00:49:22,3986.51,3986.61,0.100,10.0,1
2026-07-17 00:49:27,3986.40,3986.50,0.100,10.0,1
2026-07-17 00:49:32,3986.82,3986.93,0.110,11.0,1
2026-07-17 00:49:37,3986.73,3986.83,0.100,10.0,1
2026-07-17 00:49:42,3986.82,3986.91,0.090,9.0,1
2026-07-17 00:49:47,3987.20,3987.30,0.100,10.0,1
2026-07-17 00:49:52,3986.71,3986.83,0.120,12.0,1
2026-07-17 00:49:57,3986.53,3986.65,0.120,12.0,1
2026-07-17 00:50:02,3986.00,3986.12,0.120,12.0,1
2026-07-17 00:50:07,3986.55,3986.67,0.120,12.0,1
2026-07-17 00:50:12,3986.50,3986.62,0.120,12.0,1
2026-07-17 00:50:17,3986.55,3986.63,0.080,8.0,1
2026-07-17 00:50:22,3986.48,3986.56,0.080,8.0,1
2026-07-17 00:50:27,3986.63,3986.70,0.070,7.0,1
2026-07-17 00:50:32,3986.86,3986.98,0.120,12.0,1
2026-07-17 00:50:37,3986.88,3986.97,0.090,9.0,1
2026-07-17 00:50:42,3987.08,3987.18,0.100,10.0,1
2026-07-17 00:50:47,3987.46,3987.55,0.090,9.0,1
2026-07-17 00:50:52,3987.27,3987.39,0.120,12.0,1
2026-07-17 00:50:57,3987.39,3987.51,0.120,12.0,1
2026-07-17 00:51:02,3987.25,3987.34,0.090,9.0,1
2026-07-17 00:51:07,3987.71,3987.79,0.080,8.0,1
2026-07-17 00:51:12,3988.22,3988.28,0.060,6.0,1
2026-07-17 00:51:17,3988.12,3988.20,0.080,8.0,1
2026-07-17 00:51:22,3987.28,3987.40,0.120,12.0,1
2026-07-17 00:51:27,3987.48,3987.60,0.120,12.0,1
2026-07-17 00:51:32,3987.55,3987.67,0.120,12.0,1
2026-07-17 00:51:37,3987.71,3987.80,0.090,9.0,1
2026-07-17 00:51:42,3987.29,3987.34,0.050,5.0,1
2026-07-17 00:51:47,3986.76,3986.83,0.070,7.0,1
2026-07-17 00:51:52,3987.29,3987.41,0.120,12.0,1
2026-07-17 00:51:57,3987.97,3988.06,0.090,9.0,1
2026-07-17 00:52:02,3987.93,3988.04,0.110,11.0,1
2026-07-17 00:52:07,3987.63,3987.74,0.110,11.0,1
2026-07-17 00:52:12,3986.98,3987.10,0.120,12.0,1
2026-07-17 00:52:17,3987.18,3987.30,0.120,12.0,1
2026-07-17 00:52:22,3987.06,3987.11,0.050,5.0,1
2026-07-17 00:52:27,3987.72,3987.84,0.120,12.0,1
2026-07-17 00:52:32,3987.64,3987.71,0.070,7.0,1
2026-07-17 00:52:37,3987.80,3987.91,0.110,11.0,1
2026-07-17 00:52:42,3987.36,3987.48,0.120,12.0,1
2026-07-17 00:52:47,3987.43,3987.48,0.050,5.0,1
2026-07-17 00:52:52,3987.42,3987.54,0.120,12.0,1
2026-07-17 00:52:57,3987.55,3987.60,0.050,5.0,1
2026-07-17 00:53:02,3987.75,3987.80,0.050,5.0,1
2026-07-17 00:53:07,3987.53,3987.58,0.050,5.0,1
2026-07-17 00:53:12,3987.53,3987.58,0.050,5.0,1
2026-07-17 00:53:17,3988.39,3988.44,0.050,5.0,1
2026-07-17 00:53:22,3987.95,3988.07,0.120,12.0,1
2026-07-17 00:53:27,3988.20,3988.32,0.120,12.0,1
2026-07-17 00:53:32,3988.05,3988.11,0.060,6.0,1
2026-07-17 00:53:37,3987.47,3987.54,0.070,7.0,1
2026-07-17 00:53:42,3987.56,3987.61,0.050,5.0,1
2026-07-17 00:53:47,3987.89,3988.01,0.120,12.0,1
2026-07-17 00:53:52,3987.52,3987.59,0.070,7.0,1
2026-07-17 00:53:57,3987.49,3987.54,0.050,5.0,1
2026-07-17 00:54:02,3987.42,3987.47,0.050,5.0,1
2026-07-17 00:54:07,3986.79,3986.91,0.120,12.0,1
2026-07-17 00:54:12,3986.77,3986.89,0.120,12.0,1
2026-07-17 00:54:17,3986.37,3986.42,0.050,5.0,1
2026-07-17 00:54:22,3986.65,3986.77,0.120,12.0,1
2026-07-17 00:54:27,3986.23,3986.35,0.120,12.0,1
2026-07-17 00:54:32,3986.10,3986.15,0.050,5.0,1
2026-07-17 00:54:37,3986.09,3986.14,0.050,5.0,1
2026-07-17 00:54:42,3987.01,3987.13,0.120,12.0,1
2026-07-17 00:54:47,3987.16,3987.28,0.120,12.0,1
2026-07-17 00:54:52,3987.43,3987.50,0.070,7.0,1
2026-07-17 00:54:57,3987.12,3987.17,0.050,5.0,1
2026-07-17 00:55:02,3987.58,3987.70,0.120,12.0,1
2026-07-17 00:55:07,3987.49,3987.54,0.050,5.0,1
2026-07-17 00:55:12,3986.52,3986.64,0.120,12.0,1
2026-07-17 00:55:17,3986.26,3986.31,0.050,5.0,1
2026-07-17 00:55:22,3986.41,3986.47,0.060,6.0,1
2026-07-17 00:55:27,3986.49,3986.58,0.090,9.0,1
2026-07-17 00:55:32,3986.45,3986.57,0.120,12.0,1
2026-07-17 00:55:37,3986.54,3986.59,0.050,5.0,1
2026-07-17 00:55:42,3986.63,3986.68,0.050,5.0,1
2026-07-17 00:55:47,3986.91,3986.96,0.050,5.0,1
2026-07-17 00:55:52,3987.73,3987.85,0.120,12.0,1
2026-07-17 00:55:57,3988.30,3988.42,0.120,12.0,1
2026-07-17 00:56:02,3988.82,3988.91,0.090,9.0,1
2026-07-17 00:56:07,3988.91,3988.96,0.050,5.0,1
2026-07-17 00:56:12,3988.82,3988.87,0.050,5.0,1
2026-07-17 00:56:17,3988.45,3988.50,0.050,5.0,1
2026-07-17 00:56:22,3988.30,3988.35,0.050,5.0,1
2026-07-17 00:56:27,3988.00,3988.05,0.050,5.0,1
2026-07-17 00:56:32,3987.83,3987.88,0.050,5.0,1
2026-07-17 00:56:37,3987.78,3987.83,0.050,5.0,1
2026-07-17 00:56:42,3987.82,3987.87,0.050,5.0,1
2026-07-17 00:56:47,3987.78,3987.83,0.050,5.0,1
2026-07-17 00:56:52,3987.71,3987.81,0.100,10.0,1
2026-07-17 00:56:57,3987.59,3987.64,0.050,5.0,1
2026-07-17 00:57:02,3987.46,3987.52,0.060,6.0,1
2026-07-17 00:57:07,3987.34,3987.43,0.090,9.0,1
2026-07-17 00:57:12,3986.87,3986.97,0.100,10.0,1
2026-07-17 00:57:17,3987.44,3987.53,0.090,9.0,1
2026-07-17 00:57:22,3987.80,3987.92,0.120,12.0,1
2026-07-17 00:57:27,3988.18,3988.29,0.110,11.0,1
2026-07-17 00:57:32,3988.30,3988.37,0.070,7.0,1
2026-07-17 00:57:37,3988.07,3988.15,0.080,8.0,1
2026-07-17 00:57:42,3988.33,3988.40,0.070,7.0,1
2026-07-17 00:57:47,3988.59,3988.64,0.050,5.0,1
2026-07-17 00:57:52,3988.84,3988.92,0.080,8.0,1
2026-07-17 00:57:57,3988.78,3988.84,0.060,6.0,1
2026-07-17 00:58:02,3988.95,3989.00,0.050,5.0,1
2026-07-17 00:58:07,3989.18,3989.26,0.080,8.0,1
2026-07-17 00:58:12,3989.45,3989.56,0.110,11.0,1
2026-07-17 00:58:17,3989.59,3989.67,0.080,8.0,1
2026-07-17 00:58:22,3989.88,3989.98,0.100,10.0,1
2026-07-17 00:58:27,3989.93,3990.00,0.070,7.0,1
2026-07-17 00:58:32,3990.33,3990.45,0.120,12.0,1
2026-07-17 00:58:37,3990.07,3990.19,0.120,12.0,1
2026-07-17 00:58:42,3989.69,3989.81,0.120,12.0,1
2026-07-17 00:58:47,3989.32,3989.43,0.110,11.0,1
2026-07-17 00:58:52,3989.56,3989.64,0.080,8.0,1
2026-07-17 00:58:57,3989.84,3989.91,0.070,7.0,1
2026-07-17 00:59:02,3990.04,3990.16,0.120,12.0,1
2026-07-17 00:59:07,3990.03,3990.15,0.120,12.0,1
2026-07-17 00:59:12,3990.29,3990.40,0.110,11.0,1
2026-07-17 00:59:17,3990.37,3990.42,0.050,5.0,1
2026-07-17 00:59:22,3989.99,3990.11,0.120,12.0,1
2026-07-17 00:59:27,3990.44,3990.56,0.120,12.0,1
2026-07-17 00:59:32,3990.82,3990.94,0.120,12.0,1
2026-07-17 00:59:37,3991.04,3991.16,0.120,12.0,1
2026-07-17 00:59:42,3991.48,3991.60,0.120,12.0,1
2026-07-17 00:59:47,3991.73,3991.84,0.110,11.0,1
2026-07-17 00:59:52,3991.77,3991.85,0.080,8.0,1
2026-07-17 00:59:57,3992.02,3992.11,0.090,9.0,1
2026-07-17 01:00:02,3990.42,3990.54,0.120,12.0,1
2026-07-17 01:00:07,3989.56,3989.68,0.120,12.0,1
2026-07-17 01:00:12,3991.10,3991.22,0.120,12.0,1
2026-07-17 01:00:17,3991.30,3991.42,0.120,12.0,1
2026-07-17 01:00:22,3990.07,3990.18,0.110,11.0,1
2026-07-17 01:00:27,3990.19,3990.31,0.120,12.0,1
2026-07-17 01:00:32,3989.16,3989.27,0.110,11.0,1
2026-07-17 01:00:37,3989.70,3989.81,0.110,11.0,1
2026-07-17 01:00:42,3989.22,3989.33,0.110,11.0,1
2026-07-17 01:00:47,3988.69,3988.81,0.120,12.0,1
2026-07-17 01:00:52,3989.57,3989.68,0.110,11.0,1
2026-07-17 01:00:57,3990.07,3990.17,0.100,10.0,1
2026-07-17 01:01:02,3990.29,3990.40,0.110,11.0,1
2026-07-17 01:01:07,3990.81,3990.93,0.120,12.0,1
2026-07-17 01:01:12,3990.39,3990.48,0.090,9.0,1
2026-07-17 01:01:17,3988.79,3988.88,0.090,9.0,1
2026-07-17 01:01:22,3988.91,3989.01,0.100,10.0,1
2026-07-17 01:01:27,3988.95,3989.06,0.110,11.0,1
2026-07-17 01:01:32,3988.70,3988.80,0.100,10.0,1
2026-07-17 01:01:37,3988.60,3988.72,0.120,12.0,1
2026-07-17 01:01:42,3989.52,3989.62,0.100,10.0,1
2026-07-17 01:01:47,3989.04,3989.13,0.090,9.0,1
2026-07-17 01:01:52,3989.27,3989.35,0.080,8.0,1
2026-07-17 01:01:57,3989.48,3989.57,0.090,9.0,1
2026-07-17 01:02:02,3989.65,3989.73,0.080,8.0,1
2026-07-17 01:02:07,3991.04,3991.16,0.120,12.0,1
2026-07-17 01:02:12,3991.59,3991.71,0.120,12.0,1
2026-07-17 01:02:17,3991.13,3991.25,0.120,12.0,1
2026-07-17 01:02:22,3991.52,3991.62,0.100,10.0,1
2026-07-17 01:02:27,3991.75,3991.80,0.050,5.0,1
2026-07-17 01:02:32,3991.02,3991.09,0.070,7.0,1
2026-07-17 01:02:37,3991.17,3991.25,0.080,8.0,1
2026-07-17 01:02:42,3988.32,3988.44,0.120,12.0,1
2026-07-17 01:02:47,3987.65,3987.77,0.120,12.0,1
2026-07-17 01:02:52,3987.60,3987.72,0.120,12.0,1
2026-07-17 01:02:57,3987.88,3987.97,0.090,9.0,1
2026-07-17 01:03:02,3989.09,3989.16,0.070,7.0,1
2026-07-17 01:03:07,3989.30,3989.40,0.100,10.0,1
2026-07-17 01:03:12,3989.40,3989.45,0.050,5.0,1
2026-07-17 01:03:17,3988.93,3988.98,0.050,5.0,1
2026-07-17 01:03:22,3989.23,3989.28,0.050,5.0,1
2026-07-17 01:03:27,3988.64,3988.69,0.050,5.0,1
2026-07-17 01:03:32,3988.73,3988.78,0.050,5.0,1
2026-07-17 01:03:37,3988.91,3989.00,0.090,9.0,1
2026-07-17 01:03:42,3988.92,3988.97,0.050,5.0,1
2026-07-17 01:03:47,3989.37,3989.46,0.090,9.0,1
2026-07-17 01:03:52,3989.76,3989.82,0.060,6.0,1
2026-07-17 01:03:57,3989.36,3989.41,0.050,5.0,1
2026-07-17 01:04:02,3989.14,3989.19,0.050,5.0,1
2026-07-17 01:04:07,3989.03,3989.08,0.050,5.0,1
2026-07-17 01:04:12,3989.04,3989.12,0.080,8.0,1
2026-07-17 01:04:17,3988.98,3989.10,0.120,12.0,1
2026-07-17 01:04:22,3989.22,3989.32,0.100,10.0,1
2026-07-17 01:04:27,3988.43,3988.55,0.120,12.0,1
2026-07-17 01:04:32,3988.54,3988.64,0.100,10.0,1
2026-07-17 01:04:37,3989.01,3989.09,0.080,8.0,1
2026-07-17 01:04:42,3988.97,3989.09,0.120,12.0,1
2026-07-17 01:04:47,3989.01,3989.12,0.110,11.0,1
2026-07-17 01:04:52,3989.56,3989.64,0.080,8.0,1
2026-07-17 01:04:57,3989.17,3989.26,0.090,9.0,1
2026-07-17 01:05:02,3989.01,3989.09,0.080,8.0,1
2026-07-17 01:05:07,3988.67,3988.79,0.120,12.0,1
2026-07-17 01:05:12,3989.06,3989.18,0.120,12.0,1
2026-07-17 01:05:17,3989.11,3989.23,0.120,12.0,1
2026-07-17 01:05:22,3989.32,3989.44,0.120,12.0,1
2026-07-17 01:05:27,3989.03,3989.12,0.090,9.0,1
2026-07-17 01:05:32,3991.10,3991.22,0.120,12.0,1
2026-07-17 01:05:37,3990.60,3990.71,0.110,11.0,1
2026-07-17 01:05:42,3991.42,3991.52,0.100,10.0,1
2026-07-17 01:05:47,3991.48,3991.60,0.120,12.0,1
2026-07-17 01:05:52,3990.76,3990.86,0.100,10.0,1
2026-07-17 01:05:57,3991.61,3991.69,0.080,8.0,1
2026-07-17 01:06:02,3991.33,3991.45,0.120,12.0,1
2026-07-17 01:06:07,3991.77,3991.83,0.060,6.0,1
2026-07-17 01:06:12,3991.66,3991.72,0.060,6.0,1
2026-07-17 01:06:17,3992.83,3992.95,0.120,12.0,1
2026-07-17 01:06:22,3992.40,3992.52,0.120,12.0,1
2026-07-17 01:06:27,3993.67,3993.79,0.120,12.0,1
2026-07-17 01:06:32,3994.83,3994.95,0.120,12.0,1
2026-07-17 01:06:37,3994.19,3994.31,0.120,12.0,1
2026-07-17 01:06:42,3993.31,3993.43,0.120,12.0,1
2026-07-17 01:06:47,3992.36,3992.44,0.080,8.0,1
2026-07-17 01:06:52,3991.77,3991.82,0.050,5.0,1
2026-07-17 01:06:57,3991.71,3991.76,0.050,5.0,1
2026-07-17 01:07:02,3990.99,3991.05,0.060,6.0,1
2026-07-17 01:07:07,3990.75,3990.81,0.060,6.0,1
2026-07-17 01:07:12,3990.65,3990.70,0.050,5.0,1
2026-07-17 01:07:17,3990.77,3990.82,0.050,5.0,1
2026-07-17 01:07:22,3990.83,3990.88,0.050,5.0,1
2026-07-17 01:07:27,3991.85,3991.91,0.060,6.0,1
2026-07-17 01:07:32,3992.02,3992.14,0.120,12.0,1
2026-07-17 01:07:37,3991.53,3991.62,0.090,9.0,1
2026-07-17 01:07:42,3991.42,3991.47,0.050,5.0,1
2026-07-17 01:07:47,3991.72,3991.77,0.050,5.0,1
2026-07-17 01:07:52,3991.56,3991.61,0.050,5.0,1
2026-07-17 01:07:57,3991.93,3992.00,0.070,7.0,1
2026-07-17 01:08:02,3991.89,3991.99,0.100,10.0,1
2026-07-17 01:08:07,3992.44,3992.49,0.050,5.0,1
2026-07-17 01:08:12,3992.32,3992.37,0.050,5.0,1
2026-07-17 01:08:17,3993.44,3993.54,0.100,10.0,1
2026-07-17 01:08:22,3992.75,3992.87,0.120,12.0,1
2026-07-17 01:08:27,3992.53,3992.63,0.100,10.0,1
2026-07-17 01:08:32,3991.73,3991.82,0.090,9.0,1
2026-07-17 01:08:37,3991.74,3991.82,0.080,8.0,1
2026-07-17 01:08:42,3991.01,3991.10,0.090,9.0,1
2026-07-17 01:08:47,3991.82,3991.93,0.110,11.0,1
2026-07-17 01:08:52,3991.48,3991.57,0.090,9.0,1
2026-07-17 01:08:57,3991.49,3991.59,0.100,10.0,1
2026-07-17 01:09:02,3991.58,3991.65,0.070,7.0,1
2026-07-17 01:09:07,3991.30,3991.35,0.050,5.0,1
2026-07-17 01:09:12,3990.42,3990.54,0.120,12.0,1
2026-07-17 01:09:17,3989.95,3990.04,0.090,9.0,1
2026-07-17 01:09:22,3988.87,3988.98,0.110,11.0,1
2026-07-17 01:09:27,3989.19,3989.31,0.120,12.0,1
2026-07-17 01:09:32,3989.47,3989.58,0.110,11.0,1
2026-07-17 01:09:37,3990.40,3990.52,0.120,12.0,1
2026-07-17 01:09:42,3990.18,3990.27,0.090,9.0,1
2026-07-17 01:09:47,3989.88,3990.00,0.120,12.0,1
2026-07-17 01:09:52,3989.62,3989.74,0.120,12.0,1
2026-07-17 01:09:57,3990.11,3990.23,0.120,12.0,1
2026-07-17 01:10:02,3990.62,3990.74,0.120,12.0,1
2026-07-17 01:10:07,3991.30,3991.42,0.120,12.0,1
2026-07-17 01:10:12,3991.16,3991.28,0.120,12.0,1
2026-07-17 01:10:17,3990.88,3991.00,0.120,12.0,1
2026-07-17 01:10:22,3991.51,3991.63,0.120,12.0,1
2026-07-17 01:10:27,3991.18,3991.29,0.110,11.0,1
2026-07-17 01:10:32,3990.45,3990.57,0.120,12.0,1
2026-07-17 01:10:37,3989.92,3989.97,0.050,5.0,1
2026-07-17 01:10:42,3989.96,3990.02,0.060,6.0,1
2026-07-17 01:10:47,3989.82,3989.87,0.050,5.0,1
2026-07-17 01:10:52,3989.86,3989.91,0.050,5.0,1
2026-07-17 01:10:57,3989.51,3989.59,0.080,8.0,1
2026-07-17 01:11:02,3990.04,3990.14,0.100,10.0,1
2026-07-17 01:11:07,3990.18,3990.30,0.120,12.0,1
2026-07-17 01:11:12,3990.28,3990.40,0.120,12.0,1
2026-07-17 01:11:17,3989.63,3989.72,0.090,9.0,1
2026-07-17 01:11:22,3989.15,3989.27,0.120,12.0,1
2026-07-17 01:11:27,3989.23,3989.35,0.120,12.0,1
2026-07-17 01:11:32,3989.31,3989.43,0.120,12.0,1
2026-07-17 01:11:37,3989.18,3989.29,0.110,11.0,1
2026-07-17 01:11:42,3989.94,3990.03,0.090,9.0,1
2026-07-17 01:11:47,3990.29,3990.34,0.050,5.0,1
2026-07-17 01:11:52,3989.85,3989.90,0.050,5.0,1
2026-07-17 01:11:57,3990.00,3990.05,0.050,5.0,1
2026-07-17 01:12:02,3989.57,3989.62,0.050,5.0,1
2026-07-17 01:12:07,3990.31,3990.38,0.070,7.0,1
2026-07-17 01:12:12,3991.44,3991.56,0.120,12.0,1
2026-07-17 01:12:17,3992.08,3992.20,0.120,12.0,1
2026-07-17 01:12:22,3992.64,3992.76,0.120,12.0,1
2026-07-17 01:12:27,3992.49,3992.61,0.120,12.0,1
2026-07-17 01:12:32,3992.79,3992.85,0.060,6.0,1
2026-07-17 01:12:37,3992.76,3992.81,0.050,5.0,1
2026-07-17 01:12:42,3992.48,3992.53,0.050,5.0,1
2026-07-17 01:12:47,3991.98,3992.04,0.060,6.0,1
2026-07-17 01:12:52,3992.02,3992.07,0.050,5.0,1
2026-07-17 01:12:57,3992.01,3992.06,0.050,5.0,1
2026-07-17 01:13:02,3991.61,3991.66,0.050,5.0,1
2026-07-17 01:13:07,3991.64,3991.72,0.080,8.0,1
2026-07-17 01:13:12,3992.19,3992.28,0.090,9.0,1
2026-07-17 01:13:17,3992.26,3992.35,0.090,9.0,1
2026-07-17 01:13:22,3992.09,3992.14,0.050,5.0,1
2026-07-17 01:13:27,3992.05,3992.10,0.050,5.0,1
2026-07-17 01:13:32,3992.11,3992.16,0.050,5.0,1
2026-07-17 01:13:37,3992.46,3992.56,0.100,10.0,1
2026-07-17 01:13:42,3991.95,3992.07,0.120,12.0,1
2026-07-17 01:13:47,3991.69,3991.81,0.120,12.0,1
2026-07-17 01:13:52,3991.35,3991.47,0.120,12.0,1
2026-07-17 01:13:57,3991.69,3991.78,0.090,9.0,1
2026-07-17 01:14:02,3991.85,3991.93,0.080,8.0,1
2026-07-17 01:14:07,3991.05,3991.13,0.080,8.0,1
2026-07-17 01:14:12,3991.06,3991.11,0.050,5.0,1
2026-07-17 01:14:17,3991.07,3991.19,0.120,12.0,1
2026-07-17 01:14:22,3991.37,3991.44,0.070,7.0,1
2026-07-17 01:14:27,3991.34,3991.39,0.050,5.0,1
2026-07-17 01:14:32,3991.88,3991.93,0.050,5.0,1
2026-07-17 01:14:37,3991.76,3991.81,0.050,5.0,1
2026-07-17 01:14:42,3991.76,3991.81,0.050,5.0,1
2026-07-17 01:14:47,3991.29,3991.34,0.050,5.0,1
2026-07-17 01:14:52,3991.78,3991.90,0.120,12.0,1
2026-07-17 01:14:57,3991.97,3992.08,0.110,11.0,1
2026-07-17 01:15:02,3992.30,3992.35,0.050,5.0,1
2026-07-17 01:15:07,3992.75,3992.85,0.100,10.0,1
2026-07-17 01:15:12,3993.25,3993.37,0.120,12.0,1
2026-07-17 01:15:17,3993.35,3993.47,0.120,12.0,1
2026-07-17 01:15:22,3993.42,3993.54,0.120,12.0,1
2026-07-17 01:15:27,3993.23,3993.34,0.110,11.0,1
2026-07-17 01:15:32,3993.24,3993.32,0.080,8.0,1
2026-07-17 01:15:37,3992.95,3993.02,0.070,7.0,1
2026-07-17 01:15:42,3993.14,3993.21,0.070,7.0,1
2026-07-17 01:15:47,3992.40,3992.45,0.050,5.0,1
2026-07-17 01:15:52,3991.76,3991.88,0.120,12.0,1
2026-07-17 01:15:57,3992.07,3992.19,0.120,12.0,1
2026-07-17 01:16:02,3991.63,3991.74,0.110,11.0,1
2026-07-17 01:16:07,3991.87,3991.99,0.120,12.0,1
2026-07-17 01:16:12,3991.70,3991.81,0.110,11.0,1
2026-07-17 01:16:17,3992.63,3992.75,0.120,12.0,1
2026-07-17 01:16:22,3992.97,3993.09,0.120,12.0,1
2026-07-17 01:16:27,3992.95,3993.00,0.050,5.0,1
2026-07-17 01:16:32,3993.07,3993.12,0.050,5.0,1
2026-07-17 01:16:37,3993.40,3993.45,0.050,5.0,1
2026-07-17 01:16:42,3993.57,3993.69,0.120,12.0,1
2026-07-17 01:16:47,3993.76,3993.88,0.120,12.0,1
2026-07-17 01:16:52,3994.20,3994.28,0.080,8.0,1
2026-07-17 01:16:57,3993.38,3993.46,0.080,8.0,1
2026-07-17 01:17:02,3993.19,3993.26,0.070,7.0,1
2026-07-17 01:17:07,3993.14,3993.19,0.050,5.0,1
2026-07-17 01:17:12,3993.23,3993.28,0.050,5.0,1
2026-07-17 01:17:17,3993.36,3993.41,0.050,5.0,1
2026-07-17 01:17:22,3993.29,3993.34,0.050,5.0,1
2026-07-17 01:17:27,3993.86,3993.91,0.050,5.0,1
2026-07-17 01:17:32,3994.41,3994.46,0.050,5.0,1
2026-07-17 01:17:37,3995.02,3995.08,0.060,6.0,1
2026-07-17 01:17:42,3995.01,3995.08,0.070,7.0,1
2026-07-17 01:17:47,3995.30,3995.38,0.080,8.0,1
2026-07-17 01:17:52,3995.76,3995.83,0.070,7.0,1
2026-07-17 01:17:57,3995.44,3995.53,0.090,9.0,1
2026-07-17 01:18:02,3995.68,3995.75,0.070,7.0,1
2026-07-17 01:18:07,3995.44,3995.49,0.050,5.0,1
2026-07-17 01:18:12,3995.34,3995.43,0.090,9.0,1
2026-07-17 01:18:17,3994.89,3994.98,0.090,9.0,1
2026-07-17 01:18:22,3994.86,3994.96,0.100,10.0,1
2026-07-17 01:18:27,3995.15,3995.24,0.090,9.0,1
2026-07-17 01:18:32,3995.56,3995.64,0.080,8.0,1
2026-07-17 01:18:37,3996.08,3996.17,0.090,9.0,1
2026-07-17 01:18:42,3995.88,3995.97,0.090,9.0,1
2026-07-17 01:18:47,3995.38,3995.50,0.120,12.0,1
2026-07-17 01:18:52,3994.89,3994.99,0.100,10.0,1
2026-07-17 01:18:57,3994.55,3994.65,0.100,10.0,1
2026-07-17 01:19:02,3994.52,3994.64,0.120,12.0,1
2026-07-17 01:19:07,3994.32,3994.43,0.110,11.0,1
2026-07-17 01:19:12,3994.62,3994.72,0.100,10.0,1
2026-07-17 01:19:17,3994.30,3994.42,0.120,12.0,1
2026-07-17 01:19:22,3994.14,3994.26,0.120,12.0,1
2026-07-17 01:19:27,3993.62,3993.74,0.120,12.0,1
2026-07-17 01:19:32,3994.25,3994.36,0.110,11.0,1
2026-07-17 01:19:37,3994.34,3994.46,0.120,12.0,1
2026-07-17 01:19:42,3994.31,3994.42,0.110,11.0,1
2026-07-17 01:19:47,3994.60,3994.68,0.080,8.0,1
2026-07-17 01:19:52,3994.33,3994.43,0.100,10.0,1
2026-07-17 01:19:57,3994.13,3994.22,0.090,9.0,1
2026-07-17 01:20:02,3993.71,3993.80,0.090,9.0,1
2026-07-17 01:20:07,3994.45,3994.57,0.120,12.0,1
2026-07-17 01:20:12,3994.38,3994.46,0.080,8.0,1
2026-07-17 01:20:17,3994.34,3994.45,0.110,11.0,1
2026-07-17 01:20:22,3993.95,3994.03,0.080,8.0,1
2026-07-17 01:20:27,3994.09,3994.19,0.100,10.0,1
2026-07-17 01:20:32,3994.22,3994.27,0.050,5.0,1
2026-07-17 01:20:37,3994.43,3994.50,0.070,7.0,1
2026-07-17 01:20:42,3995.01,3995.13,0.120,12.0,1
2026-07-17 01:20:47,3995.40,3995.51,0.110,11.0,1
2026-07-17 01:20:52,3993.93,3994.05,0.120,12.0,1
2026-07-17 01:20:57,3994.24,3994.36,0.120,12.0,1
2026-07-17 01:21:02,3994.34,3994.45,0.110,11.0,1
2026-07-17 01:21:07,3993.97,3994.06,0.090,9.0,1
2026-07-17 01:21:12,3994.07,3994.14,0.070,7.0,1
2026-07-17 01:21:17,3993.95,3994.02,0.070,7.0,1
2026-07-17 01:21:22,3993.91,3993.96,0.050,5.0,1
2026-07-17 01:21:27,3993.64,3993.72,0.080,8.0,1
2026-07-17 01:21:32,3994.22,3994.30,0.080,8.0,1
2026-07-17 01:21:37,3994.33,3994.38,0.050,5.0,1
2026-07-17 01:21:42,3994.49,3994.54,0.050,5.0,1
2026-07-17 01:21:47,3994.80,3994.85,0.050,5.0,1
2026-07-17 01:21:52,3994.12,3994.22,0.100,10.0,1
2026-07-17 01:21:57,3993.90,3993.98,0.080,8.0,1
2026-07-17 01:22:02,3994.04,3994.10,0.060,6.0,1
2026-07-17 01:22:07,3993.50,3993.58,0.080,8.0,1
2026-07-17 01:22:12,3993.95,3994.06,0.110,11.0,1
2026-07-17 01:22:17,3992.37,3992.49,0.120,12.0,1
2026-07-17 01:22:22,3991.48,3991.60,0.120,12.0,1
2026-07-17 01:22:27,3991.81,3991.93,0.120,12.0,1
2026-07-17 01:22:32,3991.55,3991.63,0.080,8.0,1
2026-07-17 01:22:37,3991.16,3991.26,0.100,10.0,1
2026-07-17 01:22:42,3991.48,3991.56,0.080,8.0,1
2026-07-17 01:22:47,3991.45,3991.52,0.070,7.0,1
2026-07-17 01:22:52,3991.51,3991.56,0.050,5.0,1
2026-07-17 01:22:57,3991.73,3991.78,0.050,5.0,1
2026-07-17 01:23:02,3991.79,3991.90,0.110,11.0,1
2026-07-17 01:23:07,3991.53,3991.61,0.080,8.0,1
2026-07-17 01:23:12,3991.54,3991.64,0.100,10.0,1
2026-07-17 01:23:17,3991.30,3991.35,0.050,5.0,1
2026-07-17 01:23:22,3990.84,3990.96,0.120,12.0,1
2026-07-17 01:23:27,3990.93,3991.02,0.090,9.0,1
2026-07-17 01:23:32,3990.80,3990.85,0.050,5.0,1
2026-07-17 01:23:37,3990.50,3990.58,0.080,8.0,1
2026-07-17 01:23:42,3990.47,3990.52,0.050,5.0,1
2026-07-17 01:23:47,3990.28,3990.40,0.120,12.0,1
2026-07-17 01:23:52,3990.17,3990.29,0.120,12.0,1
2026-07-17 01:23:57,3990.18,3990.25,0.070,7.0,1
2026-07-17 01:24:02,3990.41,3990.49,0.080,8.0,1
2026-07-17 01:24:07,3990.33,3990.40,0.070,7.0,1
2026-07-17 01:24:12,3990.72,3990.78,0.060,6.0,1
2026-07-17 01:24:17,3990.59,3990.64,0.050,5.0,1
2026-07-17 01:24:22,3990.42,3990.47,0.050,5.0,1
2026-07-17 01:24:27,3990.52,3990.61,0.090,9.0,1
2026-07-17 01:24:32,3990.51,3990.62,0.110,11.0,1
2026-07-17 01:24:37,3990.07,3990.19,0.120,12.0,1
2026-07-17 01:24:42,3989.45,3989.57,0.120,12.0,1
2026-07-17 01:24:47,3989.59,3989.70,0.110,11.0,1
2026-07-17 01:24:52,3990.07,3990.17,0.100,10.0,1
2026-07-17 01:24:57,3990.57,3990.65,0.080,8.0,1
2026-07-17 01:25:02,3990.65,3990.74,0.090,9.0,1
2026-07-17 01:25:07,3990.56,3990.68,0.120,12.0,1
2026-07-17 01:25:12,3991.10,3991.22,0.120,12.0,1
2026-07-17 01:25:17,3990.94,3991.01,0.070,7.0,1
2026-07-17 01:25:22,3990.90,3990.98,0.080,8.0,1
2026-07-17 01:25:27,3990.96,3991.08,0.120,12.0,1
2026-07-17 01:25:32,3990.63,3990.75,0.120,12.0,1
2026-07-17 01:25:37,3990.59,3990.64,0.050,5.0,1
2026-07-17 01:25:42,3990.50,3990.62,0.120,12.0,1
2026-07-17 01:25:47,3989.95,3990.07,0.120,12.0,1
2026-07-17 01:25:52,3990.25,3990.37,0.120,12.0,1
2026-07-17 01:25:57,3990.07,3990.19,0.120,12.0,1
2026-07-17 01:26:02,3990.34,3990.41,0.070,7.0,1
2026-07-17 01:26:07,3990.23,3990.32,0.090,9.0,1
2026-07-17 01:26:12,3990.37,3990.49,0.120,12.0,1
2026-07-17 01:26:17,3990.20,3990.32,0.120,12.0,1
2026-07-17 01:26:22,3990.72,3990.78,0.060,6.0,1
2026-07-17 01:26:27,3990.35,3990.40,0.050,5.0,1
2026-07-17 01:26:32,3989.79,3989.91,0.120,12.0,1
2026-07-17 01:26:37,3989.61,3989.66,0.050,5.0,1
2026-07-17 01:26:42,3989.79,3989.84,0.050,5.0,1
2026-07-17 01:26:47,3989.47,3989.59,0.120,12.0,1
2026-07-17 01:26:52,3989.13,3989.18,0.050,5.0,1
2026-07-17 01:26:57,3989.27,3989.39,0.120,12.0,1
2026-07-17 01:27:02,3989.57,3989.69,0.120,12.0,1
2026-07-17 01:27:07,3989.19,3989.31,0.120,12.0,1
2026-07-17 01:27:12,3989.25,3989.37,0.120,12.0,1
2026-07-17 01:27:17,3989.03,3989.09,0.060,6.0,1
2026-07-17 01:27:22,3989.48,3989.59,0.110,11.0,1
2026-07-17 01:27:27,3989.30,3989.35,0.050,5.0,1
2026-07-17 01:27:32,3988.76,3988.88,0.120,12.0,1
2026-07-17 01:27:37,3988.52,3988.57,0.050,5.0,1
2026-07-17 01:27:42,3989.03,3989.15,0.120,12.0,1
2026-07-17 01:27:47,3988.83,3988.95,0.120,12.0,1
2026-07-17 01:27:52,3988.17,3988.22,0.050,5.0,1
2026-07-17 01:27:57,3988.77,3988.82,0.050,5.0,1
2026-07-17 01:28:02,3989.23,3989.35,0.120,12.0,1
2026-07-17 01:28:07,3989.40,3989.52,0.120,12.0,1
2026-07-17 01:28:12,3990.11,3990.21,0.100,10.0,1
2026-07-17 01:28:17,3990.82,3990.87,0.050,5.0,1
2026-07-17 01:28:22,3990.55,3990.67,0.120,12.0,1
2026-07-17 01:28:27,3990.71,3990.83,0.120,12.0,1
2026-07-17 01:28:32,3991.01,3991.09,0.080,8.0,1
2026-07-17 01:28:37,3991.00,3991.05,0.050,5.0,1
2026-07-17 01:28:42,3990.87,3990.92,0.050,5.0,1
2026-07-17 01:28:47,3991.00,3991.05,0.050,5.0,1
2026-07-17 01:28:52,3991.34,3991.39,0.050,5.0,1
2026-07-17 01:28:57,3991.48,3991.53,0.050,5.0,1
2026-07-17 01:29:02,3991.46,3991.55,0.090,9.0,1
2026-07-17 01:29:07,3991.54,3991.61,0.070,7.0,1
2026-07-17 01:29:12,3991.70,3991.82,0.120,12.0,1
2026-07-17 01:29:17,3991.60,3991.71,0.110,11.0,1
2026-07-17 01:29:22,3991.70,3991.75,0.050,5.0,1
2026-07-17 01:29:27,3991.68,3991.79,0.110,11.0,1
2026-07-17 01:29:32,3991.73,3991.81,0.080,8.0,1
2026-07-17 01:29:37,3991.39,3991.48,0.090,9.0,1
2026-07-17 01:29:42,3991.19,3991.24,0.050,5.0,1
2026-07-17 01:29:47,3990.98,3991.03,0.050,5.0,1
2026-07-17 01:29:52,3990.81,3990.86,0.050,5.0,1
2026-07-17 01:29:57,3991.12,3991.18,0.060,6.0,1
2026-07-17 01:30:02,3990.70,3990.78,0.080,8.0,1
2026-07-17 01:30:07,3991.55,3991.67,0.120,12.0,1
2026-07-17 01:30:12,3991.50,3991.62,0.120,12.0,1
2026-07-17 01:30:17,3990.70,3990.82,0.120,12.0,1
2026-07-17 01:30:22,3990.96,3991.08,0.120,12.0,1
2026-07-17 01:30:27,3990.04,3990.16,0.120,12.0,1
2026-07-17 01:30:32,3990.83,3990.95,0.120,12.0,1
2026-07-17 01:30:37,3990.81,3990.92,0.110,11.0,1
2026-07-17 01:30:42,3991.01,3991.07,0.060,6.0,1
2026-07-17 01:30:47,3990.50,3990.62,0.120,12.0,1
2026-07-17 01:30:52,3990.53,3990.65,0.120,12.0,1
2026-07-17 01:30:57,3990.52,3990.57,0.050,5.0,1
2026-07-17 01:31:02,3990.09,3990.21,0.120,12.0,1
2026-07-17 01:31:07,3989.44,3989.56,0.120,12.0,1
2026-07-17 01:31:12,3989.49,3989.61,0.120,12.0,1
2026-07-17 01:31:17,3989.39,3989.48,0.090,9.0,1
2026-07-17 01:31:22,3989.25,3989.30,0.050,5.0,1
2026-07-17 01:31:27,3989.70,3989.75,0.050,5.0,1
2026-07-17 01:31:32,3990.14,3990.19,0.050,5.0,1
2026-07-17 01:31:37,3989.89,3989.94,0.050,5.0,1
2026-07-17 01:31:42,3989.95,3990.05,0.100,10.0,1
2026-07-17 01:31:47,3990.25,3990.30,0.050,5.0,1
2026-07-17 01:31:52,3990.10,3990.15,0.050,5.0,1
2026-07-17 01:31:57,3990.48,3990.53,0.050,5.0,1
2026-07-17 01:32:02,3991.21,3991.33,0.120,12.0,1
2026-07-17 01:32:07,3991.60,3991.72,0.120,12.0,1
2026-07-17 01:32:12,3991.84,3991.96,0.120,12.0,1
2026-07-17 01:32:17,3991.53,3991.65,0.120,12.0,1
2026-07-17 01:32:22,3990.75,3990.87,0.120,12.0,1
2026-07-17 01:32:27,3989.98,3990.10,0.120,12.0,1
2026-07-17 01:32:32,3990.38,3990.48,0.100,10.0,1
2026-07-17 01:32:37,3990.07,3990.13,0.060,6.0,1
2026-07-17 01:32:42,3990.19,3990.24,0.050,5.0,1
2026-07-17 01:32:47,3989.57,3989.67,0.100,10.0,1
2026-07-17 01:32:52,3989.46,3989.56,0.100,10.0,1
2026-07-17 01:32:57,3989.11,3989.16,0.050,5.0,1
2026-07-17 01:33:02,3989.57,3989.62,0.050,5.0,1
2026-07-17 01:33:07,3989.92,3989.99,0.070,7.0,1
2026-07-17 01:33:12,3989.63,3989.71,0.080,8.0,1
2026-07-17 01:33:17,3989.80,3989.85,0.050,5.0,1
2026-07-17 01:33:22,3989.16,3989.21,0.050,5.0,1
2026-07-17 01:33:27,3989.37,3989.49,0.120,12.0,1
2026-07-17 01:33:32,3989.77,3989.88,0.110,11.0,1
2026-07-17 01:33:37,3990.80,3990.92,0.120,12.0,1
2026-07-17 01:33:42,3990.83,3990.91,0.080,8.0,1
2026-07-17 01:33:47,3990.39,3990.47,0.080,8.0,1
2026-07-17 01:33:52,3990.95,3991.07,0.120,12.0,1
2026-07-17 01:33:57,3991.09,3991.14,0.050,5.0,1
2026-07-17 01:34:02,3991.32,3991.37,0.050,5.0,1
2026-07-17 01:34:07,3991.33,3991.38,0.050,5.0,1
2026-07-17 01:34:12,3991.28,3991.40,0.120,12.0,1
2026-07-17 01:34:17,3990.96,3991.02,0.060,6.0,1
2026-07-17 01:34:22,3991.21,3991.27,0.060,6.0,1
2026-07-17 01:34:27,3991.36,3991.45,0.090,9.0,1
2026-07-17 01:34:32,3991.28,3991.33,0.050,5.0,1
2026-07-17 01:34:37,3991.59,3991.69,0.100,10.0,1
2026-07-17 01:34:42,3992.01,3992.08,0.070,7.0,1
2026-07-17 01:34:47,3992.27,3992.36,0.090,9.0,1
2026-07-17 01:34:52,3992.32,3992.41,0.090,9.0,1
2026-07-17 01:34:57,3992.91,3992.98,0.070,7.0,1
2026-07-17 01:35:02,3992.70,3992.79,0.090,9.0,1
2026-07-17 01:35:07,3992.26,3992.32,0.060,6.0,1
2026-07-17 01:35:12,3992.60,3992.71,0.110,11.0,1
2026-07-17 01:35:17,3992.35,3992.47,0.120,12.0,1
2026-07-17 01:35:22,3992.72,3992.84,0.120,12.0,1
2026-07-17 01:35:27,3992.81,3992.90,0.090,9.0,1
2026-07-17 01:35:32,3992.92,3992.97,0.050,5.0,1
2026-07-17 01:35:37,3992.68,3992.80,0.120,12.0,1
2026-07-17 01:35:42,3993.05,3993.17,0.120,12.0,1
2026-07-17 01:35:47,3993.13,3993.24,0.110,11.0,1
2026-07-17 01:35:52,3993.16,3993.28,0.120,12.0,1
2026-07-17 01:35:57,3993.02,3993.10,0.080,8.0,1
2026-07-17 01:36:02,3992.24,3992.36,0.120,12.0,1
2026-07-17 01:36:07,3992.24,3992.36,0.120,12.0,1
2026-07-17 01:36:12,3993.45,3993.57,0.120,12.0,1
2026-07-17 01:36:17,3993.67,3993.79,0.120,12.0,1
2026-07-17 01:36:22,3992.99,3993.11,0.120,12.0,1
2026-07-17 01:36:27,3992.69,3992.81,0.120,12.0,1
2026-07-17 01:36:32,3991.52,3991.64,0.120,12.0,1
2026-07-17 01:36:37,3991.20,3991.32,0.120,12.0,1
2026-07-17 01:36:42,3991.45,3991.57,0.120,12.0,1
2026-07-17 01:36:47,3991.98,3992.08,0.100,10.0,1
2026-07-17 01:36:52,3991.71,3991.78,0.070,7.0,1
2026-07-17 01:36:57,3991.98,3992.05,0.070,7.0,1
2026-07-17 01:37:02,3992.31,3992.43,0.120,12.0,1
2026-07-17 01:37:07,3992.44,3992.54,0.100,10.0,1
2026-07-17 01:37:12,3993.05,3993.12,0.070,7.0,1
2026-07-17 01:37:17,3993.10,3993.21,0.110,11.0,1
2026-07-17 01:37:22,3993.25,3993.33,0.080,8.0,1
2026-07-17 01:37:27,3993.73,3993.85,0.120,12.0,1
2026-07-17 01:37:32,3994.07,3994.16,0.090,9.0,1
2026-07-17 01:37:37,3993.82,3993.88,0.060,6.0,1
2026-07-17 01:37:42,3993.73,3993.78,0.050,5.0,1
2026-07-17 01:37:47,3994.20,3994.27,0.070,7.0,1
2026-07-17 01:37:52,3994.54,3994.63,0.090,9.0,1
2026-07-17 01:37:57,3994.96,3995.08,0.120,12.0,1
2026-07-17 01:38:02,3995.26,3995.36,0.100,10.0,1
2026-07-17 01:38:07,3994.98,3995.08,0.100,10.0,1
2026-07-17 01:38:12,3994.96,3995.01,0.050,5.0,1
2026-07-17 01:38:17,3995.21,3995.26,0.050,5.0,1
2026-07-17 01:38:22,3995.36,3995.41,0.050,5.0,1
2026-07-17 01:38:27,3994.92,3994.98,0.060,6.0,1
2026-07-17 01:38:32,3994.93,3995.05,0.120,12.0,1
2026-07-17 01:38:37,3994.97,3995.09,0.120,12.0,1
2026-07-17 01:38:42,3994.77,3994.89,0.120,12.0,1
2026-07-17 01:38:47,3994.49,3994.56,0.070,7.0,1
2026-07-17 01:38:52,3994.24,3994.29,0.050,5.0,1
2026-07-17 01:38:57,3994.16,3994.21,0.050,5.0,1
2026-07-17 01:39:02,3994.08,3994.13,0.050,5.0,1
2026-07-17 01:39:07,3994.10,3994.17,0.070,7.0,1
2026-07-17 01:39:12,3993.51,3993.63,0.120,12.0,1
2026-07-17 01:39:17,3993.58,3993.70,0.120,12.0,1
2026-07-17 01:39:22,3992.71,3992.83,0.120,12.0,1
2026-07-17 01:39:27,3993.04,3993.15,0.110,11.0,1
2026-07-17 01:39:32,3992.85,3992.92,0.070,7.0,1
2026-07-17 01:39:37,3993.32,3993.40,0.080,8.0,1
2026-07-17 01:39:42,3993.11,3993.20,0.090,9.0,1
2026-07-17 01:39:47,3992.77,3992.84,0.070,7.0,1
2026-07-17 01:39:52,3992.89,3992.94,0.050,5.0,1
2026-07-17 01:39:57,3992.82,3992.88,0.060,6.0,1
2026-07-17 01:40:02,3992.61,3992.66,0.050,5.0,1
2026-07-17 01:40:07,3991.99,3992.05,0.060,6.0,1
2026-07-17 01:40:12,3991.81,3991.91,0.100,10.0,1
2026-07-17 01:40:17,3991.85,3991.90,0.050,5.0,1
2026-07-17 01:40:22,3992.14,3992.21,0.070,7.0,1
2026-07-17 01:40:27,3991.88,3991.96,0.080,8.0,1
2026-07-17 01:40:32,3991.35,3991.47,0.120,12.0,1
2026-07-17 01:40:37,3991.79,3991.91,0.120,12.0,1
2026-07-17 01:40:42,3992.08,3992.20,0.120,12.0,1
2026-07-17 01:40:47,3992.02,3992.07,0.050,5.0,1
2026-07-17 01:40:52,3991.54,3991.59,0.050,5.0,1
2026-07-17 01:40:57,3991.74,3991.81,0.070,7.0,1
2026-07-17 01:41:02,3992.08,3992.18,0.100,10.0,1
2026-07-17 01:41:07,3992.40,3992.47,0.070,7.0,1
2026-07-17 01:41:12,3992.08,3992.20,0.120,12.0,1
2026-07-17 01:41:17,3992.10,3992.20,0.100,10.0,1
2026-07-17 01:41:22,3992.00,3992.07,0.070,7.0,1
2026-07-17 01:41:27,3992.10,3992.18,0.080,8.0,1
2026-07-17 01:41:32,3991.93,3992.05,0.120,12.0,1
2026-07-17 01:41:37,3991.90,3992.02,0.120,12.0,1
2026-07-17 01:41:42,3991.28,3991.36,0.080,8.0,1
2026-07-17 01:41:47,3990.87,3990.96,0.090,9.0,1
2026-07-17 01:41:52,3990.33,3990.41,0.080,8.0,1
2026-07-17 01:41:57,3990.55,3990.60,0.050,5.0,1
2026-07-17 01:42:02,3990.60,3990.72,0.120,12.0,1
2026-07-17 01:42:07,3990.74,3990.80,0.060,6.0,1
2026-07-17 01:42:12,3990.61,3990.73,0.120,12.0,1
2026-07-17 01:42:17,3990.84,3990.95,0.110,11.0,1
2026-07-17 01:42:22,3991.24,3991.36,0.120,12.0,1
2026-07-17 01:42:27,3991.18,3991.30,0.120,12.0,1
2026-07-17 01:42:32,3991.95,3992.07,0.120,12.0,1
2026-07-17 01:42:37,3992.25,3992.30,0.050,5.0,1
2026-07-17 01:42:42,3992.00,3992.05,0.050,5.0,1
2026-07-17 01:42:47,3992.38,3992.50,0.120,12.0,1
2026-07-17 01:42:52,3992.77,3992.83,0.060,6.0,1
2026-07-17 01:42:57,3993.19,3993.26,0.070,7.0,1
2026-07-17 01:43:02,3993.69,3993.74,0.050,5.0,1
2026-07-17 01:43:07,3993.30,3993.35,0.050,5.0,1
2026-07-17 01:43:12,3993.53,3993.58,0.050,5.0,1
2026-07-17 01:43:17,3994.20,3994.31,0.110,11.0,1
2026-07-17 01:43:22,3994.55,3994.60,0.050,5.0,1
2026-07-17 01:43:27,3994.61,3994.66,0.050,5.0,1
2026-07-17 01:43:32,3993.09,3993.21,0.120,12.0,1
2026-07-17 01:43:37,3992.81,3992.93,0.120,12.0,1
2026-07-17 01:43:42,3992.81,3992.88,0.070,7.0,1
2026-07-17 01:43:47,3992.79,3992.84,0.050,5.0,1
2026-07-17 01:43:52,3992.93,3992.98,0.050,5.0,1
2026-07-17 01:43:57,3992.84,3992.89,0.050,5.0,1
2026-07-17 01:44:02,3992.67,3992.72,0.050,5.0,1
2026-07-17 01:44:07,3993.11,3993.16,0.050,5.0,1
2026-07-17 01:44:12,3993.25,3993.30,0.050,5.0,1
2026-07-17 01:44:17,3992.46,3992.58,0.120,12.0,1
2026-07-17 01:44:22,3992.43,3992.55,0.120,12.0,1
2026-07-17 01:44:27,3993.06,3993.18,0.120,12.0,1
2026-07-17 01:44:32,3992.21,3992.33,0.120,12.0,1
2026-07-17 01:44:37,3991.92,3992.04,0.120,12.0,1
2026-07-17 01:44:42,3991.89,3991.94,0.050,5.0,1
2026-07-17 01:44:47,3991.63,3991.68,0.050,5.0,1
2026-07-17 01:44:52,3991.32,3991.38,0.060,6.0,1
2026-07-17 01:44:57,3991.53,3991.65,0.120,12.0,1
2026-07-17 01:45:02,3991.57,3991.69,0.120,12.0,1
2026-07-17 01:45:07,3992.43,3992.55,0.120,12.0,1
2026-07-17 01:45:12,3992.08,3992.20,0.120,12.0,1
2026-07-17 01:45:17,3992.31,3992.43,0.120,12.0,1
2026-07-17 01:45:22,3992.04,3992.16,0.120,12.0,1
2026-07-17 01:45:27,3992.32,3992.42,0.100,10.0,1
2026-07-17 01:45:32,3991.85,3991.97,0.120,12.0,1
2026-07-17 01:45:37,3990.28,3990.40,0.120,12.0,1
2026-07-17 01:45:42,3990.47,3990.59,0.120,12.0,1
2026-07-17 01:45:47,3990.67,3990.77,0.100,10.0,1
2026-07-17 01:45:52,3990.74,3990.86,0.120,12.0,1
2026-07-17 01:45:57,3990.23,3990.35,0.120,12.0,1
2026-07-17 01:46:02,3990.40,3990.49,0.090,9.0,1
2026-07-17 01:46:07,3990.80,3990.87,0.070,7.0,1
2026-07-17 01:46:12,3989.89,3990.01,0.120,12.0,1
2026-07-17 01:46:17,3989.92,3990.01,0.090,9.0,1
2026-07-17 01:46:22,3990.04,3990.13,0.090,9.0,1
2026-07-17 01:46:27,3989.28,3989.35,0.070,7.0,1
2026-07-17 01:46:32,3989.06,3989.14,0.080,8.0,1
2026-07-17 01:46:37,3989.25,3989.32,0.070,7.0,1
2026-07-17 01:46:42,3988.64,3988.71,0.070,7.0,1
2026-07-17 01:46:47,3988.56,3988.63,0.070,7.0,1
2026-07-17 01:46:52,3988.64,3988.70,0.060,6.0,1
2026-07-17 01:46:57,3988.98,3989.05,0.070,7.0,1
2026-07-17 01:47:02,3988.94,3989.00,0.060,6.0,1
2026-07-17 01:47:07,3988.59,3988.64,0.050,5.0,1
2026-07-17 01:47:12,3988.39,3988.44,0.050,5.0,1
2026-07-17 01:47:17,3987.19,3987.31,0.120,12.0,1
2026-07-17 01:47:22,3986.83,3986.95,0.120,12.0,1
2026-07-17 01:47:27,3986.13,3986.25,0.120,12.0,1
2026-07-17 01:47:32,3986.26,3986.38,0.120,12.0,1
2026-07-17 01:47:37,3986.50,3986.57,0.070,7.0,1
2026-07-17 01:47:42,3986.67,3986.72,0.050,5.0,1
2026-07-17 01:47:47,3986.82,3986.87,0.050,5.0,1
2026-07-17 01:47:52,3986.72,3986.78,0.060,6.0,1
2026-07-17 01:47:57,3986.39,3986.49,0.100,10.0,1
2026-07-17 01:48:02,3986.91,3987.03,0.120,12.0,1
2026-07-17 01:48:07,3986.15,3986.27,0.120,12.0,1
2026-07-17 01:48:12,3986.31,3986.43,0.120,12.0,1
2026-07-17 01:48:17,3986.51,3986.59,0.080,8.0,1
2026-07-17 01:48:22,3986.53,3986.58,0.050,5.0,1
2026-07-17 01:48:27,3987.19,3987.31,0.120,12.0,1
2026-07-17 01:48:32,3987.71,3987.81,0.100,10.0,1
2026-07-17 01:48:37,3986.91,3987.03,0.120,12.0,1
2026-07-17 01:48:42,3987.02,3987.11,0.090,9.0,1
2026-07-17 01:48:47,3987.28,3987.37,0.090,9.0,1
2026-07-17 01:48:52,3986.65,3986.77,0.120,12.0,1
2026-07-17 01:48:57,3986.50,3986.56,0.060,6.0,1
2026-07-17 01:49:02,3986.19,3986.24,0.050,5.0,1
2026-07-17 01:49:07,3986.34,3986.39,0.050,5.0,1
2026-07-17 01:49:12,3986.02,3986.14,0.120,12.0,1
2026-07-17 01:49:17,3985.83,3985.88,0.050,5.0,1
2026-07-17 01:49:22,3984.91,3985.00,0.090,9.0,1
2026-07-17 01:49:27,3984.78,3984.84,0.060,6.0,1
2026-07-17 01:49:32,3985.56,3985.68,0.120,12.0,1
2026-07-17 01:49:37,3985.33,3985.45,0.120,12.0,1
2026-07-17 01:49:42,3985.19,3985.25,0.060,6.0,1
2026-07-17 01:49:47,3984.40,3984.51,0.110,11.0,1
2026-07-17 01:49:52,3984.18,3984.23,0.050,5.0,1
2026-07-17 01:49:57,3984.00,3984.05,0.050,5.0,1
2026-07-17 01:50:02,3984.49,3984.54,0.050,5.0,1
2026-07-17 01:50:07,3984.48,3984.53,0.050,5.0,1
2026-07-17 01:50:12,3985.00,3985.05,0.050,5.0,1
2026-07-17 01:50:17,3984.98,3985.03,0.050,5.0,1
2026-07-17 01:50:22,3984.40,3984.45,0.050,5.0,1
2026-07-17 01:50:27,3983.82,3983.94,0.120,12.0,1
2026-07-17 01:50:32,3983.57,3983.66,0.090,9.0,1
2026-07-17 01:50:37,3983.30,3983.37,0.070,7.0,1
2026-07-17 01:50:42,3984.38,3984.50,0.120,12.0,1
2026-07-17 01:50:47,3984.50,3984.61,0.110,11.0,1
2026-07-17 01:50:52,3984.44,3984.54,0.100,10.0,1
2026-07-17 01:50:57,3984.09,3984.21,0.120,12.0,1
2026-07-17 01:51:02,3984.26,3984.38,0.120,12.0,1
2026-07-17 01:51:07,3983.48,3983.60,0.120,12.0,1
2026-07-17 01:51:12,3981.77,3981.89,0.120,12.0,1
2026-07-17 01:51:17,3981.97,3982.09,0.120,12.0,1
2026-07-17 01:51:22,3981.85,3981.94,0.090,9.0,1
2026-07-17 01:51:27,3981.67,3981.79,0.120,12.0,1
2026-07-17 01:51:32,3981.82,3981.91,0.090,9.0,1
2026-07-17 01:51:37,3981.18,3981.23,0.050,5.0,1
2026-07-17 01:51:42,3980.53,3980.65,0.120,12.0,1
2026-07-17 01:51:47,3980.31,3980.41,0.100,10.0,1
2026-07-17 01:51:52,3980.41,3980.49,0.080,8.0,1
2026-07-17 01:51:57,3980.41,3980.46,0.050,5.0,1
2026-07-17 01:52:02,3980.71,3980.76,0.050,5.0,1
2026-07-17 01:52:07,3980.30,3980.35,0.050,5.0,1
2026-07-17 01:52:12,3980.42,3980.47,0.050,5.0,1
2026-07-17 01:52:17,3981.16,3981.21,0.050,5.0,1
2026-07-17 01:52:22,3981.38,3981.44,0.060,6.0,1
2026-07-17 01:52:27,3981.51,3981.59,0.080,8.0,1
2026-07-17 01:52:32,3982.32,3982.41,0.090,9.0,1
2026-07-17 01:52:37,3982.61,3982.72,0.110,11.0,1
2026-07-17 01:52:42,3981.77,3981.89,0.120,12.0,1
2026-07-17 01:52:47,3981.40,3981.50,0.100,10.0,1
2026-07-17 01:52:52,3981.84,3981.95,0.110,11.0,1
2026-07-17 01:52:57,3982.10,3982.19,0.090,9.0,1
2026-07-17 01:53:02,3981.50,3981.59,0.090,9.0,1
2026-07-17 01:53:07,3981.17,3981.25,0.080,8.0,1
2026-07-17 01:53:12,3981.90,3982.02,0.120,12.0,1
2026-07-17 01:53:17,3981.66,3981.78,0.120,12.0,1
2026-07-17 01:53:22,3981.51,3981.57,0.060,6.0,1
2026-07-17 01:53:27,3981.34,3981.41,0.070,7.0,1
2026-07-17 01:53:32,3980.96,3981.08,0.120,12.0,1
2026-07-17 01:53:37,3981.01,3981.13,0.120,12.0,1
2026-07-17 01:53:42,3981.01,3981.08,0.070,7.0,1
2026-07-17 01:53:47,3980.82,3980.89,0.070,7.0,1
2026-07-17 01:53:52,3981.08,3981.19,0.110,11.0,1
2026-07-17 01:53:57,3981.10,3981.15,0.050,5.0,1
2026-07-17 01:54:02,3981.28,3981.33,0.050,5.0,1
2026-07-17 01:54:07,3981.63,3981.74,0.110,11.0,1
2026-07-17 01:54:12,3982.09,3982.16,0.070,7.0,1
2026-07-17 01:54:17,3982.07,3982.12,0.050,5.0,1
2026-07-17 01:54:22,3981.70,3981.77,0.070,7.0,1
2026-07-17 01:54:27,3981.47,3981.52,0.050,5.0,1
2026-07-17 01:54:32,3981.04,3981.10,0.060,6.0,1
2026-07-17 01:54:37,3980.04,3980.16,0.120,12.0,1
2026-07-17 01:54:42,3980.10,3980.20,0.100,10.0,1
2026-07-17 01:54:47,3980.20,3980.32,0.120,12.0,1
2026-07-17 01:54:52,3980.05,3980.14,0.090,9.0,1
2026-07-17 01:54:57,3980.18,3980.30,0.120,12.0,1
2026-07-17 01:55:02,3979.48,3979.58,0.100,10.0,1
2026-07-17 01:55:07,3979.69,3979.78,0.090,9.0,1
2026-07-17 01:55:12,3980.14,3980.26,0.120,12.0,1
2026-07-17 01:55:17,3980.44,3980.56,0.120,12.0,1
2026-07-17 01:55:22,3980.54,3980.66,0.120,12.0,1
2026-07-17 01:55:27,3980.11,3980.23,0.120,12.0,1
2026-07-17 01:55:32,3980.03,3980.15,0.120,12.0,1
2026-07-17 01:55:37,3980.53,3980.58,0.050,5.0,1
2026-07-17 01:55:42,3980.55,3980.60,0.050,5.0,1
2026-07-17 01:55:47,3979.74,3979.86,0.120,12.0,1
2026-07-17 01:55:52,3979.95,3980.07,0.120,12.0,1
2026-07-17 01:55:57,3980.08,3980.19,0.110,11.0,1
2026-07-17 01:56:02,3979.77,3979.84,0.070,7.0,1
2026-07-17 01:56:07,3979.51,3979.57,0.060,6.0,1
2026-07-17 01:56:12,3979.47,3979.53,0.060,6.0,1
2026-07-17 01:56:17,3980.19,3980.31,0.120,12.0,1
2026-07-17 01:56:22,3980.38,3980.46,0.080,8.0,1
2026-07-17 01:56:27,3980.67,3980.72,0.050,5.0,1
2026-07-17 01:56:32,3981.52,3981.57,0.050,5.0,1
2026-07-17 01:56:37,3981.68,3981.78,0.100,10.0,1
2026-07-17 01:56:42,3981.77,3981.82,0.050,5.0,1
2026-07-17 01:56:47,3982.04,3982.12,0.080,8.0,1
2026-07-17 01:56:52,3982.29,3982.40,0.110,11.0,1
2026-07-17 01:56:57,3982.07,3982.13,0.060,6.0,1
2026-07-17 01:57:02,3982.52,3982.63,0.110,11.0,1
2026-07-17 01:57:07,3982.49,3982.55,0.060,6.0,1
2026-07-17 01:57:12,3982.25,3982.36,0.110,11.0,1
2026-07-17 01:57:17,3982.10,3982.15,0.050,5.0,1
2026-07-17 01:57:22,3981.94,3981.99,0.050,5.0,1
2026-07-17 01:57:27,3982.03,3982.08,0.050,5.0,1
2026-07-17 01:57:32,3981.66,3981.71,0.050,5.0,1
2026-07-17 01:57:37,3981.64,3981.69,0.050,5.0,1
2026-07-17 01:57:42,3981.39,3981.47,0.080,8.0,1
2026-07-17 01:57:47,3981.75,3981.82,0.070,7.0,1
2026-07-17 01:57:52,3981.78,3981.90,0.120,12.0,1
2026-07-17 01:57:57,3982.24,3982.36,0.120,12.0,1
2026-07-17 01:58:02,3982.14,3982.26,0.120,12.0,1
2026-07-17 01:58:07,3981.51,3981.63,0.120,12.0,1
2026-07-17 01:58:12,3981.89,3982.01,0.120,12.0,1
2026-07-17 01:58:17,3982.10,3982.16,0.060,6.0,1
2026-07-17 01:58:22,3981.66,3981.75,0.090,9.0,1
2026-07-17 01:58:27,3981.92,3982.01,0.090,9.0,1
2026-07-17 01:58:32,3982.50,3982.62,0.120,12.0,1
2026-07-17 01:58:37,3982.34,3982.43,0.090,9.0,1
2026-07-17 01:58:42,3982.17,3982.28,0.110,11.0,1
2026-07-17 01:58:47,3982.18,3982.23,0.050,5.0,1
2026-07-17 01:58:52,3982.47,3982.52,0.050,5.0,1
2026-07-17 01:58:57,3982.38,3982.45,0.070,7.0,1
2026-07-17 01:59:02,3982.36,3982.41,0.050,5.0,1
2026-07-17 01:59:07,3982.33,3982.38,0.050,5.0,1
2026-07-17 01:59:12,3982.00,3982.06,0.060,6.0,1
2026-07-17 01:59:17,3981.87,3981.94,0.070,7.0,1
2026-07-17 01:59:22,3982.18,3982.29,0.110,11.0,1
2026-07-17 01:59:27,3982.23,3982.29,0.060,6.0,1
2026-07-17 01:59:32,3982.30,3982.35,0.050,5.0,1
2026-07-17 01:59:37,3982.49,3982.56,0.070,7.0,1
2026-07-17 01:59:42,3982.87,3982.99,0.120,12.0,1
2026-07-17 01:59:47,3983.05,3983.13,0.080,8.0,1
2026-07-17 01:59:52,3983.12,3983.21,0.090,9.0,1
2026-07-17 01:59:57,3983.10,3983.22,0.120,12.0,1
2026-07-17 02:00:02,3983.45,3983.55,0.100,10.0,1
2026-07-17 02:00:07,3983.48,3983.60,0.120,12.0,1
2026-07-17 02:00:12,3984.09,3984.21,0.120,12.0,1
2026-07-17 02:00:17,3983.62,3983.74,0.120,12.0,1
2026-07-17 02:00:22,3983.53,3983.65,0.120,12.0,1
2026-07-17 02:00:27,3983.95,3984.07,0.120,12.0,1
2026-07-17 02:00:32,3984.36,3984.48,0.120,12.0,1
2026-07-17 02:00:37,3984.26,3984.38,0.120,12.0,1
2026-07-17 02:00:42,3984.66,3984.78,0.120,12.0,1
2026-07-17 02:00:47,3985.52,3985.64,0.120,12.0,1
2026-07-17 02:00:52,3985.41,3985.53,0.120,12.0,1
2026-07-17 02:00:57,3985.63,3985.75,0.120,12.0,1
2026-07-17 02:01:02,3986.25,3986.37,0.120,12.0,1
2026-07-17 02:01:07,3986.36,3986.45,0.090,9.0,1
2026-07-17 02:01:12,3987.08,3987.20,0.120,12.0,1
2026-07-17 02:01:17,3986.90,3987.01,0.110,11.0,1
2026-07-17 02:01:22,3985.82,3985.94,0.120,12.0,1
2026-07-17 02:01:27,3985.73,3985.84,0.110,11.0,1
2026-07-17 02:01:32,3985.03,3985.13,0.100,10.0,1
2026-07-17 02:01:37,3985.13,3985.20,0.070,7.0,1
2026-07-17 02:01:42,3984.87,3984.99,0.120,12.0,1
2026-07-17 02:01:47,3985.45,3985.57,0.120,12.0,1
2026-07-17 02:01:52,3984.83,3984.95,0.120,12.0,1
2026-07-17 02:01:57,3984.78,3984.85,0.070,7.0,1
2026-07-17 02:02:02,3984.75,3984.80,0.050,5.0,1
2026-07-17 02:02:07,3985.17,3985.23,0.060,6.0,1
2026-07-17 02:02:12,3984.79,3984.85,0.060,6.0,1
2026-07-17 02:02:17,3984.93,3985.05,0.120,12.0,1
2026-07-17 02:02:22,3985.48,3985.59,0.110,11.0,1
2026-07-17 02:02:27,3985.42,3985.54,0.120,12.0,1
2026-07-17 02:02:32,3984.94,3985.04,0.100,10.0,1
2026-07-17 02:02:37,3984.47,3984.57,0.100,10.0,1
2026-07-17 02:02:42,3984.24,3984.34,0.100,10.0,1
2026-07-17 02:02:47,3984.26,3984.38,0.120,12.0,1
2026-07-17 02:02:52,3984.02,3984.12,0.100,10.0,1
2026-07-17 02:02:57,3984.39,3984.45,0.060,6.0,1
2026-07-17 02:03:02,3984.11,3984.16,0.050,5.0,1
2026-07-17 02:03:07,3984.11,3984.16,0.050,5.0,1
2026-07-17 02:03:12,3984.42,3984.47,0.050,5.0,1
2026-07-17 02:03:17,3984.96,3985.08,0.120,12.0,1
2026-07-17 02:03:22,3984.18,3984.30,0.120,12.0,1
2026-07-17 02:03:27,3983.87,3983.94,0.070,7.0,1
2026-07-17 02:03:32,3982.84,3982.96,0.120,12.0,1
2026-07-17 02:03:37,3982.58,3982.70,0.120,12.0,1
2026-07-17 02:03:42,3982.30,3982.42,0.120,12.0,1
2026-07-17 02:03:47,3982.29,3982.35,0.060,6.0,1
2026-07-17 02:03:52,3982.32,3982.37,0.050,5.0,1
2026-07-17 02:03:57,3982.33,3982.38,0.050,5.0,1
2026-07-17 02:04:02,3982.46,3982.51,0.050,5.0,1
2026-07-17 02:04:07,3981.88,3981.93,0.050,5.0,1
2026-07-17 02:04:12,3981.73,3981.78,0.050,5.0,1
2026-07-17 02:04:17,3982.44,3982.56,0.120,12.0,1
2026-07-17 02:04:22,3982.55,3982.65,0.100,10.0,1
2026-07-17 02:04:27,3981.93,3982.05,0.120,12.0,1
2026-07-17 02:04:32,3982.09,3982.15,0.060,6.0,1
2026-07-17 02:04:37,3982.13,3982.18,0.050,5.0,1
2026-07-17 02:04:42,3982.50,3982.62,0.120,12.0,1
2026-07-17 02:04:47,3982.72,3982.77,0.050,5.0,1
2026-07-17 02:04:52,3983.39,3983.44,0.050,5.0,1
2026-07-17 02:04:57,3983.14,3983.19,0.050,5.0,1
2026-07-17 02:05:02,3983.20,3983.25,0.050,5.0,1
2026-07-17 02:05:07,3982.94,3982.99,0.050,5.0,1
2026-07-17 02:05:12,3982.85,3982.90,0.050,5.0,1
2026-07-17 02:05:17,3982.31,3982.43,0.120,12.0,1
2026-07-17 02:05:22,3982.75,3982.87,0.120,12.0,1
2026-07-17 02:05:27,3981.94,3982.06,0.120,12.0,1
2026-07-17 02:05:32,3982.33,3982.45,0.120,12.0,1
2026-07-17 02:05:37,3982.41,3982.48,0.070,7.0,1
2026-07-17 02:05:42,3982.81,3982.86,0.050,5.0,1
2026-07-17 02:05:47,3982.85,3982.90,0.050,5.0,1
2026-07-17 02:05:52,3982.80,3982.85,0.050,5.0,1
2026-07-17 02:05:57,3982.35,3982.40,0.050,5.0,1
2026-07-17 02:06:02,3982.78,3982.88,0.100,10.0,1
2026-07-17 02:06:07,3982.80,3982.85,0.050,5.0,1
2026-07-17 02:06:12,3982.41,3982.52,0.110,11.0,1
2026-07-17 02:06:17,3982.34,3982.40,0.060,6.0,1
2026-07-17 02:06:22,3981.67,3981.79,0.120,12.0,1
2026-07-17 02:06:27,3981.97,3982.09,0.120,12.0,1
2026-07-17 02:06:32,3981.69,3981.81,0.120,12.0,1
2026-07-17 02:06:37,3981.69,3981.80,0.110,11.0,1
2026-07-17 02:06:42,3982.38,3982.47,0.090,9.0,1
2026-07-17 02:06:47,3982.13,3982.22,0.090,9.0,1
2026-07-17 02:06:52,3982.42,3982.50,0.080,8.0,1
2026-07-17 02:06:57,3982.44,3982.50,0.060,6.0,1
2026-07-17 02:07:02,3981.75,3981.86,0.110,11.0,1
2026-07-17 02:07:07,3981.64,3981.69,0.050,5.0,1
2026-07-17 02:07:12,3980.90,3981.02,0.120,12.0,1
2026-07-17 02:07:17,3980.49,3980.61,0.120,12.0,1
2026-07-17 02:07:22,3980.99,3981.11,0.120,12.0,1
2026-07-17 02:07:27,3980.98,3981.07,0.090,9.0,1
2026-07-17 02:07:32,3981.21,3981.33,0.120,12.0,1
2026-07-17 02:07:37,3981.36,3981.41,0.050,5.0,1
2026-07-17 02:07:42,3981.43,3981.48,0.050,5.0,1
2026-07-17 02:07:47,3981.30,3981.36,0.060,6.0,1
2026-07-17 02:07:52,3982.13,3982.24,0.110,11.0,1
2026-07-17 02:07:57,3982.62,3982.67,0.050,5.0,1
2026-07-17 02:08:02,3982.73,3982.78,0.050,5.0,1
2026-07-17 02:08:07,3981.96,3982.08,0.120,12.0,1
2026-07-17 02:08:12,3982.24,3982.36,0.120,12.0,1
2026-07-17 02:08:17,3982.71,3982.83,0.120,12.0,1
2026-07-17 02:08:22,3982.80,3982.85,0.050,5.0,1
2026-07-17 02:08:27,3982.57,3982.64,0.070,7.0,1
2026-07-17 02:08:32,3983.13,3983.25,0.120,12.0,1
2026-07-17 02:08:37,3983.03,3983.10,0.070,7.0,1
2026-07-17 02:08:42,3982.91,3982.96,0.050,5.0,1
2026-07-17 02:08:47,3982.98,3983.03,0.050,5.0,1
2026-07-17 02:08:52,3982.85,3982.90,0.050,5.0,1
2026-07-17 02:08:57,3982.90,3982.95,0.050,5.0,1
2026-07-17 02:09:02,3983.07,3983.12,0.050,5.0,1
2026-07-17 02:09:07,3983.11,3983.16,0.050,5.0,1
2026-07-17 02:09:12,3983.06,3983.11,0.050,5.0,1
2026-07-17 02:09:17,3982.71,3982.79,0.080,8.0,1
2026-07-17 02:09:22,3982.62,3982.74,0.120,12.0,1
2026-07-17 02:09:27,3981.28,3981.40,0.120,12.0,1
2026-07-17 02:09:32,3981.11,3981.23,0.120,12.0,1
2026-07-17 02:09:37,3981.09,3981.18,0.090,9.0,1
2026-07-17 02:09:42,3981.42,3981.47,0.050,5.0,1
2026-07-17 02:09:47,3980.99,3981.08,0.090,9.0,1
2026-07-17 02:09:52,3980.34,3980.46,0.120,12.0,1
2026-07-17 02:09:57,3980.25,3980.36,0.110,11.0,1
2026-07-17 02:10:02,3979.89,3979.94,0.050,5.0,1
2026-07-17 02:10:07,3980.43,3980.55,0.120,12.0,1
2026-07-17 02:10:12,3980.71,3980.77,0.060,6.0,1
2026-07-17 02:10:17,3980.53,3980.58,0.050,5.0,1
2026-07-17 02:10:22,3980.56,3980.65,0.090,9.0,1
2026-07-17 02:10:27,3980.41,3980.47,0.060,6.0,1
2026-07-17 02:10:32,3980.30,3980.35,0.050,5.0,1
2026-07-17 02:10:37,3980.19,3980.24,0.050,5.0,1
2026-07-17 02:10:42,3980.41,3980.46,0.050,5.0,1
2026-07-17 02:10:47,3980.85,3980.90,0.050,5.0,1
2026-07-17 02:10:52,3980.85,3980.93,0.080,8.0,1
2026-07-17 02:10:57,3980.92,3980.97,0.050,5.0,1
2026-07-17 02:11:02,3980.81,3980.86,0.050,5.0,1
2026-07-17 02:11:07,3981.14,3981.26,0.120,12.0,1
2026-07-17 02:11:12,3981.12,3981.24,0.120,12.0,1
2026-07-17 02:11:17,3981.01,3981.10,0.090,9.0,1
2026-07-17 02:11:22,3981.11,3981.23,0.120,12.0,1
2026-07-17 02:11:27,3980.97,3981.07,0.100,10.0,1
2026-07-17 02:11:32,3980.78,3980.85,0.070,7.0,1
2026-07-17 02:11:37,3981.17,3981.26,0.090,9.0,1
2026-07-17 02:11:42,3981.22,3981.27,0.050,5.0,1
2026-07-17 02:11:47,3981.65,3981.77,0.120,12.0,1
2026-07-17 02:11:52,3981.84,3981.96,0.120,12.0,1
2026-07-17 02:11:57,3981.99,3982.08,0.090,9.0,1
2026-07-17 02:12:02,3981.55,3981.67,0.120,12.0,1
2026-07-17 02:12:07,3980.67,3980.79,0.120,12.0,1
2026-07-17 02:12:12,3981.09,3981.21,0.120,12.0,1
2026-07-17 02:12:17,3980.97,3981.09,0.120,12.0,1
2026-07-17 02:12:22,3980.81,3980.93,0.120,12.0,1
2026-07-17 02:12:27,3980.97,3981.05,0.080,8.0,1
2026-07-17 02:12:32,3980.70,3980.82,0.120,12.0,1
2026-07-17 02:12:37,3980.32,3980.44,0.120,12.0,1
2026-07-17 02:12:42,3980.23,3980.35,0.120,12.0,1
2026-07-17 02:12:47,3980.31,3980.43,0.120,12.0,1
2026-07-17 02:12:52,3980.53,3980.64,0.110,11.0,1
2026-07-17 02:12:57,3980.60,3980.69,0.090,9.0,1
2026-07-17 02:13:02,3980.71,3980.76,0.050,5.0,1
2026-07-17 02:13:07,3980.69,3980.75,0.060,6.0,1
2026-07-17 02:13:12,3981.07,3981.12,0.050,5.0,1
2026-07-17 02:13:17,3981.20,3981.27,0.070,7.0,1
2026-07-17 02:13:22,3980.96,3981.06,0.100,10.0,1
2026-07-17 02:13:27,3980.75,3980.85,0.100,10.0,1
2026-07-17 02:13:32,3981.10,3981.21,0.110,11.0,1
2026-07-17 02:13:37,3981.05,3981.10,0.050,5.0,1
2026-07-17 02:13:42,3980.94,3980.99,0.050,5.0,1
2026-07-17 02:13:47,3981.09,3981.15,0.060,6.0,1
2026-07-17 02:13:52,3981.25,3981.35,0.100,10.0,1
2026-07-17 02:13:57,3981.07,3981.12,0.050,5.0,1
2026-07-17 02:14:02,3981.16,3981.24,0.080,8.0,1
2026-07-17 02:14:07,3980.89,3981.00,0.110,11.0,1
2026-07-17 02:14:12,3980.89,3980.97,0.080,8.0,1
2026-07-17 02:14:17,3980.78,3980.90,0.120,12.0,1
2026-07-17 02:14:22,3980.58,3980.70,0.120,12.0,1
2026-07-17 02:14:27,3980.64,3980.73,0.090,9.0,1
2026-07-17 02:14:32,3980.65,3980.70,0.050,5.0,1
2026-07-17 02:14:37,3981.09,3981.14,0.050,5.0,1
2026-07-17 02:14:42,3981.29,3981.38,0.090,9.0,1
2026-07-17 02:14:47,3981.26,3981.33,0.070,7.0,1
2026-07-17 02:14:52,3981.12,3981.24,0.120,12.0,1
2026-07-17 02:14:57,3981.04,3981.16,0.120,12.0,1
2026-07-17 02:15:02,3980.82,3980.94,0.120,12.0,1
2026-07-17 02:15:07,3980.85,3980.97,0.120,12.0,1
2026-07-17 02:15:12,3980.84,3980.92,0.080,8.0,1
2026-07-17 02:15:17,3981.18,3981.24,0.060,6.0,1
2026-07-17 02:15:22,3980.87,3980.94,0.070,7.0,1
2026-07-17 02:15:27,3980.82,3980.87,0.050,5.0,1
2026-07-17 02:15:32,3980.80,3980.85,0.050,5.0,1
2026-07-17 02:15:37,3980.81,3980.86,0.050,5.0,1
2026-07-17 02:15:42,3980.75,3980.80,0.050,5.0,1
2026-07-17 02:15:47,3980.75,3980.80,0.050,5.0,1
2026-07-17 02:15:52,3981.00,3981.09,0.090,9.0,1
2026-07-17 02:15:57,3982.13,3982.25,0.120,12.0,1
2026-07-17 02:16:02,3982.72,3982.84,0.120,12.0,1
2026-07-17 02:16:07,3982.84,3982.96,0.120,12.0,1
2026-07-17 02:16:12,3982.65,3982.77,0.120,12.0,1
2026-07-17 02:16:17,3982.71,3982.83,0.120,12.0,1
2026-07-17 02:16:22,3982.93,3982.99,0.060,6.0,1
2026-07-17 02:16:27,3983.20,3983.26,0.060,6.0,1
2026-07-17 02:16:32,3983.19,3983.24,0.050,5.0,1
2026-07-17 02:16:37,3983.26,3983.38,0.120,12.0,1
2026-07-17 02:16:42,3982.63,3982.75,0.120,12.0,1
2026-07-17 02:16:47,3982.60,3982.70,0.100,10.0,1
2026-07-17 02:16:52,3982.78,3982.86,0.080,8.0,1
2026-07-17 02:16:57,3982.48,3982.56,0.080,8.0,1
2026-07-17 02:17:02,3982.62,3982.68,0.060,6.0,1
2026-07-17 02:17:07,3982.72,3982.77,0.050,5.0,1
2026-07-17 02:17:12,3982.60,3982.66,0.060,6.0,1
2026-07-17 02:17:17,3982.44,3982.53,0.090,9.0,1
2026-07-17 02:17:22,3982.41,3982.46,0.050,5.0,1
2026-07-17 02:17:27,3982.79,3982.91,0.120,12.0,1
2026-07-17 02:17:32,3983.19,3983.29,0.100,10.0,1
2026-07-17 02:17:37,3983.45,3983.56,0.110,11.0,1
2026-07-17 02:17:42,3983.58,3983.66,0.080,8.0,1
2026-07-17 02:17:47,3983.63,3983.68,0.050,5.0,1
2026-07-17 02:17:52,3984.05,3984.10,0.050,5.0,1
2026-07-17 02:17:57,3984.21,3984.28,0.070,7.0,1
2026-07-17 02:18:02,3983.59,3983.71,0.120,12.0,1
2026-07-17 02:18:07,3983.65,3983.74,0.090,9.0,1
2026-07-17 02:18:12,3983.39,3983.45,0.060,6.0,1
2026-07-17 02:18:17,3983.44,3983.54,0.100,10.0,1
2026-07-17 02:18:22,3983.27,3983.37,0.100,10.0,1
2026-07-17 02:18:27,3983.34,3983.39,0.050,5.0,1
2026-07-17 02:18:32,3983.37,3983.43,0.060,6.0,1
2026-07-17 02:18:37,3983.16,3983.22,0.060,6.0,1
2026-07-17 02:18:42,3982.56,3982.68,0.120,12.0,1
2026-07-17 02:18:47,3982.54,3982.66,0.120,12.0,1
2026-07-17 02:18:52,3982.18,3982.29,0.110,11.0,1
2026-07-17 02:18:57,3982.47,3982.59,0.120,12.0,1
2026-07-17 02:19:02,3982.69,3982.81,0.120,12.0,1
2026-07-17 02:19:07,3982.74,3982.81,0.070,7.0,1
2026-07-17 02:19:12,3982.78,3982.83,0.050,5.0,1
2026-07-17 02:19:17,3982.75,3982.80,0.050,5.0,1
2026-07-17 02:19:22,3982.74,3982.79,0.050,5.0,1
2026-07-17 02:19:27,3982.31,3982.41,0.100,10.0,1
2026-07-17 02:19:32,3983.19,3983.31,0.120,12.0,1
2026-07-17 02:19:37,3983.33,3983.44,0.110,11.0,1
2026-07-17 02:19:42,3983.24,3983.32,0.080,8.0,1
2026-07-17 02:19:47,3983.29,3983.34,0.050,5.0,1
2026-07-17 02:19:52,3983.24,3983.36,0.120,12.0,1
2026-07-17 02:19:57,3983.36,3983.44,0.080,8.0,1
2026-07-17 02:20:02,3983.39,3983.44,0.050,5.0,1
2026-07-17 02:20:07,3983.83,3983.88,0.050,5.0,1
2026-07-17 02:20:12,3983.65,3983.77,0.120,12.0,1
2026-07-17 02:20:17,3983.73,3983.78,0.050,5.0,1
2026-07-17 02:20:22,3983.81,3983.86,0.050,5.0,1
2026-07-17 02:20:27,3982.80,3982.92,0.120,12.0,1
2026-07-17 02:20:32,3982.83,3982.95,0.120,12.0,1
2026-07-17 02:20:37,3982.81,3982.90,0.090,9.0,1
2026-07-17 02:20:42,3982.82,3982.87,0.050,5.0,1
2026-07-17 02:20:47,3982.79,3982.91,0.120,12.0,1
2026-07-17 02:20:52,3982.78,3982.83,0.050,5.0,1
2026-07-17 02:20:57,3983.33,3983.45,0.120,12.0,1
2026-07-17 02:21:02,3982.69,3982.81,0.120,12.0,1
2026-07-17 02:21:07,3982.67,3982.79,0.120,12.0,1
2026-07-17 02:21:12,3982.75,3982.87,0.120,12.0,1
2026-07-17 02:21:17,3982.88,3982.94,0.060,6.0,1
2026-07-17 02:21:22,3982.89,3982.94,0.050,5.0,1
2026-07-17 02:21:27,3982.60,3982.65,0.050,5.0,1
2026-07-17 02:21:32,3982.40,3982.48,0.080,8.0,1
2026-07-17 02:21:37,3982.51,3982.56,0.050,5.0,1
2026-07-17 02:21:42,3982.12,3982.24,0.120,12.0,1
2026-07-17 02:21:47,3981.81,3981.88,0.070,7.0,1
2026-07-17 02:21:52,3981.46,3981.58,0.120,12.0,1
2026-07-17 02:21:57,3981.53,3981.62,0.090,9.0,1
2026-07-17 02:22:02,3981.69,3981.74,0.050,5.0,1
2026-07-17 02:22:07,3981.43,3981.48,0.050,5.0,1
2026-07-17 02:22:12,3981.57,3981.66,0.090,9.0,1
2026-07-17 02:22:17,3981.70,3981.76,0.060,6.0,1
2026-07-17 02:22:22,3981.77,3981.82,0.050,5.0,1
2026-07-17 02:22:27,3981.69,3981.74,0.050,5.0,1
2026-07-17 02:22:32,3981.46,3981.51,0.050,5.0,1
2026-07-17 02:22:37,3981.66,3981.71,0.050,5.0,1
2026-07-17 02:22:42,3981.16,3981.28,0.120,12.0,1
2026-07-17 02:22:47,3981.11,3981.22,0.110,11.0,1
2026-07-17 02:22:52,3981.71,3981.83,0.120,12.0,1
2026-07-17 02:22:57,3982.16,3982.28,0.120,12.0,1
2026-07-17 02:23:02,3982.31,3982.43,0.120,12.0,1
2026-07-17 02:23:07,3982.87,3982.98,0.110,11.0,1
2026-07-17 02:23:12,3982.87,3982.96,0.090,9.0,1
2026-07-17 02:23:17,3982.78,3982.83,0.050,5.0,1
2026-07-17 02:23:22,3982.77,3982.86,0.090,9.0,1
2026-07-17 02:23:27,3982.83,3982.88,0.050,5.0,1
2026-07-17 02:23:32,3983.16,3983.21,0.050,5.0,1
2026-07-17 02:23:37,3983.21,3983.26,0.050,5.0,1
2026-07-17 02:23:42,3983.02,3983.07,0.050,5.0,1
2026-07-17 02:23:47,3983.04,3983.10,0.060,6.0,1
2026-07-17 02:23:52,3983.03,3983.08,0.050,5.0,1
2026-07-17 02:23:57,3983.23,3983.28,0.050,5.0,1
2026-07-17 02:24:02,3983.21,3983.33,0.120,12.0,1
2026-07-17 02:24:07,3983.14,3983.26,0.120,12.0,1
2026-07-17 02:24:12,3983.28,3983.38,0.100,10.0,1
2026-07-17 02:24:17,3983.32,3983.38,0.060,6.0,1
2026-07-17 02:24:22,3983.49,3983.61,0.120,12.0,1
2026-07-17 02:24:27,3983.46,3983.58,0.120,12.0,1
2026-07-17 02:24:32,3983.39,3983.47,0.080,8.0,1
2026-07-17 02:24:37,3983.40,3983.45,0.050,5.0,1
2026-07-17 02:24:42,3983.50,3983.55,0.050,5.0,1
2026-07-17 02:24:47,3983.34,3983.43,0.090,9.0,1
2026-07-17 02:24:52,3983.78,3983.89,0.110,11.0,1
2026-07-17 02:24:57,3983.67,3983.77,0.100,10.0,1
2026-07-17 02:25:02,3983.94,3984.03,0.090,9.0,1
2026-07-17 02:25:07,3984.04,3984.16,0.120,12.0,1
2026-07-17 02:25:12,3983.92,3984.04,0.120,12.0,1
2026-07-17 02:25:17,3983.65,3983.77,0.120,12.0,1
2026-07-17 02:25:22,3983.60,3983.72,0.120,12.0,1
2026-07-17 02:25:27,3983.42,3983.49,0.070,7.0,1
2026-07-17 02:25:32,3982.99,3983.09,0.100,10.0,1
2026-07-17 02:25:37,3982.90,3982.99,0.090,9.0,1
2026-07-17 02:25:42,3983.14,3983.23,0.090,9.0,1
2026-07-17 02:25:47,3982.72,3982.84,0.120,12.0,1
2026-07-17 02:25:52,3982.71,3982.82,0.110,11.0,1
2026-07-17 02:25:57,3982.77,3982.85,0.080,8.0,1
2026-07-17 02:26:02,3982.32,3982.44,0.120,12.0,1
2026-07-17 02:26:07,3982.70,3982.82,0.120,12.0,1
2026-07-17 02:26:12,3982.81,3982.89,0.080,8.0,1
2026-07-17 02:26:17,3982.56,3982.62,0.060,6.0,1
2026-07-17 02:26:22,3982.74,3982.80,0.060,6.0,1
2026-07-17 02:26:27,3982.66,3982.78,0.120,12.0,1
2026-07-17 02:26:32,3982.41,3982.53,0.120,12.0,1
2026-07-17 02:26:37,3982.16,3982.23,0.070,7.0,1
2026-07-17 02:26:42,3982.01,3982.06,0.050,5.0,1
2026-07-17 02:26:47,3981.98,3982.08,0.100,10.0,1
2026-07-17 02:26:52,3982.67,3982.79,0.120,12.0,1
2026-07-17 02:26:57,3982.69,3982.81,0.120,12.0,1
2026-07-17 02:27:02,3983.11,3983.17,0.060,6.0,1
2026-07-17 02:27:07,3983.31,3983.39,0.080,8.0,1
2026-07-17 02:27:12,3983.33,3983.38,0.050,5.0,1
2026-07-17 02:27:17,3983.59,3983.64,0.050,5.0,1
2026-07-17 02:27:22,3983.59,3983.64,0.050,5.0,1
2026-07-17 02:27:27,3983.65,3983.74,0.090,9.0,1
2026-07-17 02:27:32,3983.24,3983.30,0.060,6.0,1
2026-07-17 02:27:37,3983.31,3983.40,0.090,9.0,1
2026-07-17 02:27:42,3982.84,3982.96,0.120,12.0,1
2026-07-17 02:27:47,3982.70,3982.75,0.050,5.0,1
2026-07-17 02:27:52,3982.66,3982.71,0.050,5.0,1
2026-07-17 02:27:57,3982.04,3982.16,0.120,12.0,1
2026-07-17 02:28:02,3981.98,3982.10,0.120,12.0,1
2026-07-17 02:28:07,3982.07,3982.18,0.110,11.0,1
2026-07-17 02:28:12,3982.09,3982.14,0.050,5.0,1
2026-07-17 02:28:17,3981.70,3981.82,0.120,12.0,1
2026-07-17 02:28:22,3981.51,3981.63,0.120,12.0,1
2026-07-17 02:28:27,3981.23,3981.30,0.070,7.0,1
2026-07-17 02:28:32,3981.42,3981.47,0.050,5.0,1
2026-07-17 02:28:37,3981.36,3981.44,0.080,8.0,1
2026-07-17 02:28:42,3981.10,3981.15,0.050,5.0,1
2026-07-17 02:28:47,3981.17,3981.29,0.120,12.0,1
2026-07-17 02:28:52,3981.43,3981.49,0.060,6.0,1
2026-07-17 02:28:57,3981.45,3981.57,0.120,12.0,1
2026-07-17 02:29:02,3981.50,3981.55,0.050,5.0,1
2026-07-17 02:29:07,3982.06,3982.16,0.100,10.0,1
2026-07-17 02:29:12,3982.02,3982.07,0.050,5.0,1
2026-07-17 02:29:17,3983.01,3983.13,0.120,12.0,1
2026-07-17 02:29:22,3983.27,3983.39,0.120,12.0,1
2026-07-17 02:29:27,3983.11,3983.21,0.100,10.0,1
2026-07-17 02:29:32,3983.00,3983.05,0.050,5.0,1
2026-07-17 02:29:37,3983.39,3983.51,0.120,12.0,1
2026-07-17 02:29:42,3983.26,3983.34,0.080,8.0,1
2026-07-17 02:29:47,3983.28,3983.33,0.050,5.0,1
2026-07-17 02:29:52,3983.26,3983.31,0.050,5.0,1
2026-07-17 02:29:57,3983.31,3983.36,0.050,5.0,1
2026-07-17 02:30:02,3982.98,3983.10,0.120,12.0,1
2026-07-17 02:30:07,3982.36,3982.48,0.120,12.0,1
2026-07-17 02:30:12,3982.14,3982.26,0.120,12.0,1
2026-07-17 02:30:17,3981.51,3981.63,0.120,12.0,1
2026-07-17 02:30:22,3981.11,3981.23,0.120,12.0,1
2026-07-17 02:30:27,3982.18,3982.30,0.120,12.0,1
2026-07-17 02:30:32,3982.15,3982.27,0.120,12.0,1
2026-07-17 02:30:37,3981.55,3981.67,0.120,12.0,1
2026-07-17 02:30:42,3981.11,3981.23,0.120,12.0,1
2026-07-17 02:30:47,3980.55,3980.67,0.120,12.0,1
2026-07-17 02:30:52,3981.00,3981.11,0.110,11.0,1
2026-07-17 02:30:57,3982.10,3982.20,0.100,10.0,1
2026-07-17 02:31:02,3982.36,3982.48,0.120,12.0,1
2026-07-17 02:31:07,3983.10,3983.19,0.090,9.0,1
2026-07-17 02:31:12,3983.27,3983.35,0.080,8.0,1
2026-07-17 02:31:17,3983.87,3983.94,0.070,7.0,1
2026-07-17 02:31:22,3983.89,3984.00,0.110,11.0,1
2026-07-17 02:31:27,3984.02,3984.11,0.090,9.0,1
2026-07-17 02:31:32,3983.48,3983.57,0.090,9.0,1
2026-07-17 02:31:37,3983.25,3983.34,0.090,9.0,1
2026-07-17 02:31:42,3982.82,3982.90,0.080,8.0,1
2026-07-17 02:31:47,3982.59,3982.66,0.070,7.0,1
2026-07-17 02:31:52,3982.58,3982.63,0.050,5.0,1
2026-07-17 02:31:57,3981.39,3981.50,0.110,11.0,1
2026-07-17 02:32:02,3981.20,3981.31,0.110,11.0,1
2026-07-17 02:32:07,3980.23,3980.35,0.120,12.0,1
2026-07-17 02:32:12,3980.21,3980.31,0.100,10.0,1
2026-07-17 02:32:17,3978.59,3978.71,0.120,12.0,1
2026-07-17 02:32:22,3978.91,3979.03,0.120,12.0,1
2026-07-17 02:32:27,3979.31,3979.43,0.120,12.0,1
2026-07-17 02:32:32,3978.97,3979.07,0.100,10.0,1
2026-07-17 02:32:37,3979.32,3979.42,0.100,10.0,1
2026-07-17 02:32:42,3979.82,3979.92,0.100,10.0,1
2026-07-17 02:32:47,3980.10,3980.15,0.050,5.0,1
2026-07-17 02:32:52,3979.77,3979.83,0.060,6.0,1
2026-07-17 02:32:57,3980.44,3980.53,0.090,9.0,1
2026-07-17 02:33:02,3980.19,3980.24,0.050,5.0,1
2026-07-17 02:33:07,3980.15,3980.22,0.070,7.0,1
2026-07-17 02:33:12,3980.13,3980.19,0.060,6.0,1
2026-07-17 02:33:17,3980.71,3980.83,0.120,12.0,1
2026-07-17 02:33:22,3979.68,3979.80,0.120,12.0,1
2026-07-17 02:33:27,3979.26,3979.36,0.100,10.0,1
2026-07-17 02:33:32,3978.95,3979.06,0.110,11.0,1
2026-07-17 02:33:37,3978.76,3978.86,0.100,10.0,1
2026-07-17 02:33:42,3978.15,3978.27,0.120,12.0,1
2026-07-17 02:33:47,3978.20,3978.29,0.090,9.0,1
2026-07-17 02:33:52,3977.86,3977.91,0.050,5.0,1
2026-07-17 02:33:57,3977.78,3977.90,0.120,12.0,1
2026-07-17 02:34:02,3977.86,3977.98,0.120,12.0,1
2026-07-17 02:34:07,3976.89,3977.01,0.120,12.0,1
2026-07-17 02:34:12,3977.60,3977.72,0.120,12.0,1
2026-07-17 02:34:17,3976.64,3976.76,0.120,12.0,1
2026-07-17 02:34:22,3976.54,3976.66,0.120,12.0,1
2026-07-17 02:34:27,3976.77,3976.82,0.050,5.0,1
2026-07-17 02:34:32,3977.00,3977.05,0.050,5.0,1
2026-07-17 02:34:37,3976.88,3976.93,0.050,5.0,1
2026-07-17 02:34:42,3976.67,3976.75,0.080,8.0,1
2026-07-17 02:34:47,3976.79,3976.84,0.050,5.0,1
2026-07-17 02:34:52,3977.15,3977.20,0.050,5.0,1
2026-07-17 02:34:57,3977.37,3977.42,0.050,5.0,1
2026-07-17 02:35:02,3978.02,3978.10,0.080,8.0,1
2026-07-17 02:35:07,3978.00,3978.05,0.050,5.0,1
2026-07-17 02:35:12,3978.17,3978.22,0.050,5.0,1
2026-07-17 02:35:17,3977.75,3977.84,0.090,9.0,1
2026-07-17 02:35:22,3977.60,3977.69,0.090,9.0,1
2026-07-17 02:35:27,3977.65,3977.71,0.060,6.0,1
2026-07-17 02:35:32,3977.96,3978.01,0.050,5.0,1
2026-07-17 02:35:37,3977.87,3977.92,0.050,5.0,1
2026-07-17 02:35:42,3978.18,3978.23,0.050,5.0,1
2026-07-17 02:35:47,3978.11,3978.23,0.120,12.0,1
2026-07-17 02:35:52,3978.06,3978.15,0.090,9.0,1
2026-07-17 02:35:57,3978.28,3978.36,0.080,8.0,1
2026-07-17 02:36:02,3977.89,3978.00,0.110,11.0,1
2026-07-17 02:36:07,3978.08,3978.20,0.120,12.0,1
2026-07-17 02:36:12,3977.70,3977.81,0.110,11.0,1
2026-07-17 02:36:17,3978.38,3978.50,0.120,12.0,1
2026-07-17 02:36:22,3978.63,3978.75,0.120,12.0,1
2026-07-17 02:36:27,3978.62,3978.72,0.100,10.0,1
2026-07-17 02:36:32,3978.27,3978.36,0.090,9.0,1
2026-07-17 02:36:37,3977.48,3977.57,0.090,9.0,1
2026-07-17 02:36:42,3977.29,3977.39,0.100,10.0,1
2026-07-17 02:36:47,3976.12,3976.24,0.120,12.0,1
2026-07-17 02:36:52,3976.11,3976.22,0.110,11.0,1
2026-07-17 02:36:57,3975.38,3975.50,0.120,12.0,1
2026-07-17 02:37:02,3975.01,3975.11,0.100,10.0,1
2026-07-17 02:37:07,3975.02,3975.08,0.060,6.0,1
2026-07-17 02:37:12,3975.18,3975.23,0.050,5.0,1
2026-07-17 02:37:17,3975.52,3975.58,0.060,6.0,1
2026-07-17 02:37:22,3974.94,3975.06,0.120,12.0,1
2026-07-17 02:37:27,3974.69,3974.81,0.120,12.0,1
2026-07-17 02:37:32,3974.52,3974.59,0.070,7.0,1
2026-07-17 02:37:37,3974.57,3974.68,0.110,11.0,1
2026-07-17 02:37:42,3974.98,3975.10,0.120,12.0,1
2026-07-17 02:37:47,3974.82,3974.93,0.110,11.0,1
2026-07-17 02:37:52,3972.83,3972.95,0.120,12.0,1
2026-07-17 02:37:57,3972.86,3972.98,0.120,12.0,1
2026-07-17 02:38:02,3972.37,3972.49,0.120,12.0,1
2026-07-17 02:38:07,3971.24,3971.36,0.120,12.0,1
2026-07-17 02:38:12,3972.20,3972.30,0.100,10.0,1
2026-07-17 02:38:17,3972.32,3972.41,0.090,9.0,1
2026-07-17 02:38:22,3971.98,3972.05,0.070,7.0,1
2026-07-17 02:38:27,3972.01,3972.07,0.060,6.0,1
2026-07-17 02:38:32,3972.64,3972.72,0.080,8.0,1
2026-07-17 02:38:37,3973.54,3973.63,0.090,9.0,1
2026-07-17 02:38:42,3973.69,3973.79,0.100,10.0,1
2026-07-17 02:38:47,3973.44,3973.53,0.090,9.0,1
2026-07-17 02:38:52,3973.12,3973.17,0.050,5.0,1
2026-07-17 02:38:57,3972.75,3972.80,0.050,5.0,1
2026-07-17 02:39:02,3972.04,3972.16,0.120,12.0,1
2026-07-17 02:39:07,3972.40,3972.51,0.110,11.0,1
2026-07-17 02:39:12,3971.33,3971.45,0.120,12.0,1
2026-07-17 02:39:17,3972.21,3972.33,0.120,12.0,1
2026-07-17 02:39:22,3971.70,3971.81,0.110,11.0,1
2026-07-17 02:39:27,3972.07,3972.19,0.120,12.0,1
2026-07-17 02:39:32,3972.23,3972.28,0.050,5.0,1
2026-07-17 02:39:37,3971.65,3971.71,0.060,6.0,1
2026-07-17 02:39:42,3972.31,3972.43,0.120,12.0,1
2026-07-17 02:39:47,3972.45,3972.53,0.080,8.0,1
2026-07-17 02:39:52,3972.02,3972.14,0.120,12.0,1
2026-07-17 02:39:57,3973.04,3973.16,0.120,12.0,1
2026-07-17 02:40:02,3973.52,3973.60,0.080,8.0,1
2026-07-17 02:40:07,3973.27,3973.39,0.120,12.0,1
2026-07-17 02:40:12,3974.02,3974.14,0.120,12.0,1
2026-07-17 02:40:17,3973.77,3973.83,0.060,6.0,1
2026-07-17 02:40:22,3973.45,3973.57,0.120,12.0,1
2026-07-17 02:40:27,3973.46,3973.51,0.050,5.0,1
2026-07-17 02:40:32,3973.49,3973.54,0.050,5.0,1
2026-07-17 02:40:37,3973.54,3973.66,0.120,12.0,1
2026-07-17 02:40:42,3973.61,3973.70,0.090,9.0,1
2026-07-17 02:40:47,3973.70,3973.82,0.120,12.0,1
2026-07-17 02:40:52,3973.71,3973.77,0.060,6.0,1
2026-07-17 02:40:57,3974.12,3974.18,0.060,6.0,1
2026-07-17 02:41:02,3974.11,3974.16,0.050,5.0,1
2026-07-17 02:41:07,3973.75,3973.80,0.050,5.0,1
2026-07-17 02:41:12,3974.20,3974.31,0.110,11.0,1
2026-07-17 02:41:17,3974.12,3974.17,0.050,5.0,1
2026-07-17 02:41:22,3974.52,3974.57,0.050,5.0,1
2026-07-17 02:41:27,3975.35,3975.46,0.110,11.0,1
2026-07-17 02:41:32,3974.96,3975.08,0.120,12.0,1
2026-07-17 02:41:37,3975.39,3975.51,0.120,12.0,1
2026-07-17 02:41:42,3975.49,3975.61,0.120,12.0,1
2026-07-17 02:41:47,3975.44,3975.50,0.060,6.0,1
2026-07-17 02:41:52,3975.19,3975.24,0.050,5.0,1
2026-07-17 02:41:57,3974.84,3974.95,0.110,11.0,1
2026-07-17 02:42:02,3975.12,3975.18,0.060,6.0,1
2026-07-17 02:42:07,3975.30,3975.35,0.050,5.0,1
2026-07-17 02:42:12,3975.51,3975.58,0.070,7.0,1
2026-07-17 02:42:17,3975.69,3975.74,0.050,5.0,1
2026-07-17 02:42:22,3975.06,3975.18,0.120,12.0,1
2026-07-17 02:42:27,3975.12,3975.24,0.120,12.0,1
2026-07-17 02:42:32,3974.49,3974.61,0.120,12.0,1
2026-07-17 02:42:37,3973.99,3974.04,0.050,5.0,1
2026-07-17 02:42:42,3973.09,3973.15,0.060,6.0,1
2026-07-17 02:42:47,3972.63,3972.70,0.070,7.0,1
2026-07-17 02:42:52,3973.21,3973.33,0.120,12.0,1
2026-07-17 02:42:57,3973.05,3973.17,0.120,12.0,1
2026-07-17 02:43:02,3973.96,3974.08,0.120,12.0,1
2026-07-17 02:43:07,3974.34,3974.45,0.110,11.0,1
2026-07-17 02:43:12,3974.61,3974.69,0.080,8.0,1
2026-07-17 02:43:17,3974.73,3974.78,0.050,5.0,1
2026-07-17 02:43:22,3974.93,3974.98,0.050,5.0,1
2026-07-17 02:43:27,3975.43,3975.55,0.120,12.0,1
2026-07-17 02:43:32,3975.71,3975.83,0.120,12.0,1
2026-07-17 02:43:37,3975.83,3975.90,0.070,7.0,1
2026-07-17 02:43:42,3975.82,3975.87,0.050,5.0,1
2026-07-17 02:43:47,3976.46,3976.51,0.050,5.0,1
2026-07-17 02:43:52,3976.57,3976.65,0.080,8.0,1
2026-07-17 02:43:57,3976.65,3976.74,0.090,9.0,1
2026-07-17 02:44:02,3976.31,3976.36,0.050,5.0,1
2026-07-17 02:44:07,3975.99,3976.08,0.090,9.0,1
2026-07-17 02:44:12,3975.61,3975.71,0.100,10.0,1
2026-07-17 02:44:17,3975.70,3975.75,0.050,5.0,1
2026-07-17 02:44:22,3975.82,3975.87,0.050,5.0,1
2026-07-17 02:44:27,3975.50,3975.57,0.070,7.0,1
2026-07-17 02:44:32,3975.67,3975.72,0.050,5.0,1
2026-07-17 02:44:37,3975.28,3975.38,0.100,10.0,1
2026-07-17 02:44:42,3975.29,3975.34,0.050,5.0,1
2026-07-17 02:44:47,3975.44,3975.49,0.050,5.0,1
2026-07-17 02:44:52,3975.55,3975.60,0.050,5.0,1
2026-07-17 02:44:57,3975.42,3975.48,0.060,6.0,1
2026-07-17 02:45:02,3975.01,3975.12,0.110,11.0,1
2026-07-17 02:45:07,3975.24,3975.35,0.110,11.0,1
2026-07-17 02:45:12,3975.11,3975.20,0.090,9.0,1
2026-07-17 02:45:17,3975.90,3976.02,0.120,12.0,1
2026-07-17 02:45:22,3976.34,3976.45,0.110,11.0,1
2026-07-17 02:45:27,3975.97,3976.09,0.120,12.0,1
2026-07-17 02:45:32,3975.88,3976.00,0.120,12.0,1
2026-07-17 02:45:37,3976.36,3976.48,0.120,12.0,1
2026-07-17 02:45:42,3976.34,3976.43,0.090,9.0,1
2026-07-17 02:45:47,3976.26,3976.37,0.110,11.0,1
2026-07-17 02:45:52,3976.52,3976.63,0.110,11.0,1
2026-07-17 02:45:57,3976.43,3976.53,0.100,10.0,1
2026-07-17 02:46:02,3976.71,3976.78,0.070,7.0,1
2026-07-17 02:46:07,3976.34,3976.41,0.070,7.0,1
2026-07-17 02:46:12,3976.10,3976.15,0.050,5.0,1
2026-07-17 02:46:17,3975.59,3975.64,0.050,5.0,1
2026-07-17 02:46:22,3974.61,3974.73,0.120,12.0,1
2026-07-17 02:46:27,3974.88,3975.00,0.120,12.0,1
2026-07-17 02:46:32,3975.04,3975.16,0.120,12.0,1
2026-07-17 02:46:37,3974.76,3974.88,0.120,12.0,1
2026-07-17 02:46:42,3975.06,3975.18,0.120,12.0,1
2026-07-17 02:46:47,3975.40,3975.52,0.120,12.0,1
2026-07-17 02:46:52,3975.53,3975.63,0.100,10.0,1
2026-07-17 02:46:57,3975.63,3975.68,0.050,5.0,1
2026-07-17 02:47:02,3977.45,3977.57,0.120,12.0,1
2026-07-17 02:47:07,3977.79,3977.91,0.120,12.0,1
2026-07-17 02:47:12,3978.25,3978.37,0.120,12.0,1
2026-07-17 02:47:17,3978.20,3978.32,0.120,12.0,1
2026-07-17 02:47:22,3978.20,3978.26,0.060,6.0,1
2026-07-17 02:47:27,3978.10,3978.17,0.070,7.0,1
2026-07-17 02:47:32,3979.21,3979.28,0.070,7.0,1
2026-07-17 02:47:37,3979.09,3979.19,0.100,10.0,1
2026-07-17 02:47:42,3979.20,3979.31,0.110,11.0,1
2026-07-17 02:47:47,3978.98,3979.04,0.060,6.0,1
2026-07-17 02:47:52,3978.83,3978.92,0.090,9.0,1
2026-07-17 02:47:57,3978.46,3978.58,0.120,12.0,1
2026-07-17 02:48:02,3978.51,3978.60,0.090,9.0,1
2026-07-17 02:48:07,3978.72,3978.84,0.120,12.0,1
2026-07-17 02:48:12,3978.77,3978.86,0.090,9.0,1
2026-07-17 02:48:17,3979.08,3979.13,0.050,5.0,1
