timestamp_utc,bid,ask,spread_usd_oz,spread_pips,market_open
2026-07-16 00:00:01,4057.71,4057.83,0.120,12.0,1
2026-07-16 00:00:06,4058.28,4058.40,0.120,12.0,1
2026-07-16 00:00:11,4057.11,4057.23,0.120,12.0,1
2026-07-16 00:00:16,4056.81,4056.93,0.120,12.0,1
2026-07-16 00:00:21,4056.54,4056.66,0.120,12.0,1
2026-07-16 00:00:26,4056.92,4057.04,0.120,12.0,1
2026-07-16 00:00:31,4056.85,4056.97,0.120,12.0,1
2026-07-16 00:00:36,4056.64,4056.76,0.120,12.0,1
2026-07-16 00:00:41,4057.09,4057.21,0.120,12.0,1
2026-07-16 00:00:46,4057.06,4057.17,0.110,11.0,1
2026-07-16 00:00:51,4057.59,4057.71,0.120,12.0,1
2026-07-16 00:00:56,4057.71,4057.81,0.100,10.0,1
2026-07-16 00:01:01,4057.97,4058.06,0.090,9.0,1
2026-07-16 00:01:06,4057.59,4057.70,0.110,11.0,1
2026-07-16 00:01:11,4057.62,4057.71,0.090,9.0,1
2026-07-16 00:01:16,4056.96,4057.08,0.120,12.0,1
2026-07-16 00:01:21,4057.23,4057.35,0.120,12.0,1
2026-07-16 00:01:26,4057.52,4057.62,0.100,10.0,1
2026-07-16 00:01:31,4057.70,4057.82,0.120,12.0,1
2026-07-16 00:01:36,4058.10,4058.21,0.110,11.0,1
2026-07-16 00:01:41,4058.07,4058.16,0.090,9.0,1
2026-07-16 00:01:46,4058.49,4058.60,0.110,11.0,1
2026-07-16 00:01:51,4058.32,4058.42,0.100,10.0,1
2026-07-16 00:01:56,4058.91,4059.03,0.120,12.0,1
2026-07-16 00:02:01,4058.89,4058.99,0.100,10.0,1
2026-07-16 00:02:06,4058.60,4058.68,0.080,8.0,1
2026-07-16 00:02:11,4058.55,4058.62,0.070,7.0,1
2026-07-16 00:02:16,4059.07,4059.19,0.120,12.0,1
2026-07-16 00:02:21,4058.79,4058.91,0.120,12.0,1
2026-07-16 00:02:26,4058.70,4058.82,0.120,12.0,1
2026-07-16 00:02:31,4058.93,4059.05,0.120,12.0,1
2026-07-16 00:02:36,4058.50,4058.62,0.120,12.0,1
2026-07-16 00:02:41,4058.64,4058.73,0.090,9.0,1
2026-07-16 00:02:46,4059.11,4059.18,0.070,7.0,1
2026-07-16 00:02:51,4058.71,4058.77,0.060,6.0,1
2026-07-16 00:02:56,4058.84,4058.89,0.050,5.0,1
2026-07-16 00:03:01,4059.42,4059.52,0.100,10.0,1
2026-07-16 00:03:06,4059.00,4059.12,0.120,12.0,1
2026-07-16 00:03:11,4058.83,4058.93,0.100,10.0,1
2026-07-16 00:03:16,4058.89,4058.94,0.050,5.0,1
2026-07-16 00:03:21,4059.05,4059.10,0.050,5.0,1
2026-07-16 00:03:26,4058.84,4058.89,0.050,5.0,1
2026-07-16 00:03:31,4058.66,4058.71,0.050,5.0,1
2026-07-16 00:03:36,4058.46,4058.54,0.080,8.0,1
2026-07-16 00:03:41,4058.52,4058.57,0.050,5.0,1
2026-07-16 00:03:46,4057.90,4058.02,0.120,12.0,1
2026-07-16 00:03:51,4057.13,4057.25,0.120,12.0,1
2026-07-16 00:03:56,4057.32,4057.44,0.120,12.0,1
2026-07-16 00:04:01,4057.10,4057.20,0.100,10.0,1
2026-07-16 00:04:06,4057.56,4057.64,0.080,8.0,1
2026-07-16 00:04:11,4057.41,4057.46,0.050,5.0,1
2026-07-16 00:04:16,4057.42,4057.47,0.050,5.0,1
2026-07-16 00:04:21,4057.46,4057.54,0.080,8.0,1
2026-07-16 00:04:26,4057.08,4057.18,0.100,10.0,1
2026-07-16 00:04:31,4056.96,4057.06,0.100,10.0,1
2026-07-16 00:04:36,4057.07,4057.15,0.080,8.0,1
2026-07-16 00:04:41,4057.33,4057.40,0.070,7.0,1
2026-07-16 00:04:46,4057.98,4058.10,0.120,12.0,1
2026-07-16 00:04:51,4057.69,4057.81,0.120,12.0,1
2026-07-16 00:04:56,4057.73,4057.81,0.080,8.0,1
2026-07-16 00:05:01,4057.98,4058.05,0.070,7.0,1
2026-07-16 00:05:06,4057.87,4057.99,0.120,12.0,1
2026-07-16 00:05:11,4057.40,4057.52,0.120,12.0,1
2026-07-16 00:05:16,4057.39,4057.45,0.060,6.0,1
2026-07-16 00:05:21,4057.64,4057.69,0.050,5.0,1
2026-07-16 00:05:26,4057.61,4057.66,0.050,5.0,1
2026-07-16 00:05:31,4057.32,4057.37,0.050,5.0,1
2026-07-16 00:05:36,4057.29,4057.34,0.050,5.0,1
2026-07-16 00:05:41,4056.76,4056.88,0.120,12.0,1
2026-07-16 00:05:46,4056.91,4056.97,0.060,6.0,1
2026-07-16 00:05:51,4057.07,4057.12,0.050,5.0,1
2026-07-16 00:05:56,4056.90,4056.95,0.050,5.0,1
2026-07-16 00:06:01,4056.92,4056.97,0.050,5.0,1
2026-07-16 00:06:06,4057.00,4057.06,0.060,6.0,1
2026-07-16 00:06:11,4057.09,4057.14,0.050,5.0,1
2026-07-16 00:06:16,4056.84,4056.90,0.060,6.0,1
2026-07-16 00:06:21,4056.92,4056.99,0.070,7.0,1
2026-07-16 00:06:26,4057.11,4057.19,0.080,8.0,1
2026-07-16 00:06:31,4057.09,4057.17,0.080,8.0,1
2026-07-16 00:06:36,4056.32,4056.44,0.120,12.0,1
2026-07-16 00:06:41,4056.92,4057.04,0.120,12.0,1
2026-07-16 00:06:46,4056.61,4056.73,0.120,12.0,1
2026-07-16 00:06:51,4056.93,4057.03,0.100,10.0,1
2026-07-16 00:06:56,4056.76,4056.84,0.080,8.0,1
2026-07-16 00:07:01,4057.02,4057.10,0.080,8.0,1
2026-07-16 00:07:06,4056.99,4057.10,0.110,11.0,1
2026-07-16 00:07:11,4057.07,4057.16,0.090,9.0,1
2026-07-16 00:07:16,4057.19,4057.24,0.050,5.0,1
2026-07-16 00:07:21,4056.28,4056.40,0.120,12.0,1
2026-07-16 00:07:26,4055.54,4055.66,0.120,12.0,1
2026-07-16 00:07:31,4055.85,4055.97,0.120,12.0,1
2026-07-16 00:07:36,4055.59,4055.69,0.100,10.0,1
2026-07-16 00:07:41,4055.80,4055.92,0.120,12.0,1
2026-07-16 00:07:46,4055.77,4055.82,0.050,5.0,1
2026-07-16 00:07:51,4055.72,4055.78,0.060,6.0,1
2026-07-16 00:07:56,4055.84,4055.89,0.050,5.0,1
2026-07-16 00:08:01,4055.65,4055.71,0.060,6.0,1
2026-07-16 00:08:06,4055.72,4055.84,0.120,12.0,1
2026-07-16 00:08:11,4055.71,4055.82,0.110,11.0,1
2026-07-16 00:08:16,4055.68,4055.73,0.050,5.0,1
2026-07-16 00:08:21,4055.38,4055.50,0.120,12.0,1
2026-07-16 00:08:26,4055.45,4055.57,0.120,12.0,1
2026-07-16 00:08:31,4055.53,4055.61,0.080,8.0,1
2026-07-16 00:08:36,4055.40,4055.45,0.050,5.0,1
2026-07-16 00:08:41,4055.36,4055.41,0.050,5.0,1
2026-07-16 00:08:46,4055.34,4055.39,0.050,5.0,1
2026-07-16 00:08:51,4055.36,4055.41,0.050,5.0,1
2026-07-16 00:08:56,4055.33,4055.45,0.120,12.0,1
2026-07-16 00:09:01,4055.45,4055.50,0.050,5.0,1
2026-07-16 00:09:06,4055.34,4055.44,0.100,10.0,1
2026-07-16 00:09:11,4055.43,4055.55,0.120,12.0,1
2026-07-16 00:09:16,4055.70,4055.82,0.120,12.0,1
2026-07-16 00:09:21,4056.25,4056.37,0.120,12.0,1
2026-07-16 00:09:26,4056.21,4056.33,0.120,12.0,1
2026-07-16 00:09:31,4056.04,4056.12,0.080,8.0,1
2026-07-16 00:09:36,4056.10,4056.15,0.050,5.0,1
2026-07-16 00:09:41,4055.95,4056.00,0.050,5.0,1
2026-07-16 00:09:46,4055.73,4055.78,0.050,5.0,1
2026-07-16 00:09:51,4055.45,4055.57,0.120,12.0,1
2026-07-16 00:09:56,4055.55,4055.65,0.100,10.0,1
2026-07-16 00:10:01,4055.77,4055.89,0.120,12.0,1
2026-07-16 00:10:06,4055.20,4055.32,0.120,12.0,1
2026-07-16 00:10:11,4055.08,4055.16,0.080,8.0,1
2026-07-16 00:10:16,4055.34,4055.44,0.100,10.0,1
2026-07-16 00:10:21,4055.34,4055.43,0.090,9.0,1
2026-07-16 00:10:26,4055.70,4055.82,0.120,12.0,1
2026-07-16 00:10:31,4055.38,4055.50,0.120,12.0,1
2026-07-16 00:10:36,4055.36,4055.41,0.050,5.0,1
2026-07-16 00:10:41,4055.39,4055.44,0.050,5.0,1
2026-07-16 00:10:46,4055.31,4055.36,0.050,5.0,1
2026-07-16 00:10:51,4055.29,4055.41,0.120,12.0,1
2026-07-16 00:10:56,4055.40,4055.50,0.100,10.0,1
2026-07-16 00:11:01,4055.25,4055.34,0.090,9.0,1
2026-07-16 00:11:06,4055.54,4055.66,0.120,12.0,1
2026-07-16 00:11:11,4055.64,4055.69,0.050,5.0,1
2026-07-16 00:11:16,4055.66,4055.71,0.050,5.0,1
2026-07-16 00:11:21,4055.50,4055.62,0.120,12.0,1
2026-07-16 00:11:26,4055.53,4055.65,0.120,12.0,1
2026-07-16 00:11:31,4055.50,4055.58,0.080,8.0,1
2026-07-16 00:11:36,4055.84,4055.93,0.090,9.0,1
2026-07-16 00:11:41,4055.83,4055.88,0.050,5.0,1
2026-07-16 00:11:46,4055.57,4055.69,0.120,12.0,1
2026-07-16 00:11:51,4055.55,4055.61,0.060,6.0,1
2026-07-16 00:11:56,4055.45,4055.50,0.050,5.0,1
2026-07-16 00:12:01,4055.53,4055.62,0.090,9.0,1
2026-07-16 00:12:06,4055.76,4055.88,0.120,12.0,1
2026-07-16 00:12:11,4055.20,4055.32,0.120,12.0,1
2026-07-16 00:12:16,4055.40,4055.51,0.110,11.0,1
2026-07-16 00:12:21,4055.34,4055.39,0.050,5.0,1
2026-07-16 00:12:26,4055.57,4055.65,0.080,8.0,1
2026-07-16 00:12:31,4055.62,4055.68,0.060,6.0,1
2026-07-16 00:12:36,4055.45,4055.52,0.070,7.0,1
2026-07-16 00:12:41,4055.46,4055.51,0.050,5.0,1
2026-07-16 00:12:46,4055.68,4055.80,0.120,12.0,1
2026-07-16 00:12:51,4055.46,4055.58,0.120,12.0,1
2026-07-16 00:12:56,4055.37,4055.48,0.110,11.0,1
2026-07-16 00:13:01,4055.46,4055.54,0.080,8.0,1
2026-07-16 00:13:06,4055.64,4055.70,0.060,6.0,1
2026-07-16 00:13:11,4055.59,4055.64,0.050,5.0,1
2026-07-16 00:13:16,4055.62,4055.67,0.050,5.0,1
2026-07-16 00:13:21,4055.72,4055.80,0.080,8.0,1
2026-07-16 00:13:26,4055.75,4055.87,0.120,12.0,1
2026-07-16 00:13:31,4056.00,4056.12,0.120,12.0,1
2026-07-16 00:13:36,4055.94,4055.99,0.050,5.0,1
2026-07-16 00:13:41,4055.96,4056.01,0.050,5.0,1
2026-07-16 00:13:46,4056.04,4056.09,0.050,5.0,1
2026-07-16 00:13:51,4056.22,4056.34,0.120,12.0,1
2026-07-16 00:13:56,4056.14,4056.26,0.120,12.0,1
2026-07-16 00:14:01,4056.24,4056.36,0.120,12.0,1
2026-07-16 00:14:06,4056.96,4057.08,0.120,12.0,1
2026-07-16 00:14:11,4056.97,4057.09,0.120,12.0,1
2026-07-16 00:14:16,4056.69,4056.81,0.120,12.0,1
2026-07-16 00:14:21,4056.87,4056.92,0.050,5.0,1
2026-07-16 00:14:26,4057.03,4057.08,0.050,5.0,1
2026-07-16 00:14:31,4057.06,4057.11,0.050,5.0,1
2026-07-16 00:14:36,4056.71,4056.83,0.120,12.0,1
2026-07-16 00:14:41,4056.49,4056.61,0.120,12.0,1
2026-07-16 00:14:46,4056.47,4056.57,0.100,10.0,1
2026-07-16 00:14:51,4056.55,4056.60,0.050,5.0,1
2026-07-16 00:14:56,4056.59,4056.64,0.050,5.0,1
2026-07-16 00:15:01,4056.28,4056.40,0.120,12.0,1
2026-07-16 00:15:06,4056.59,4056.71,0.120,12.0,1
2026-07-16 00:15:11,4056.73,4056.85,0.120,12.0,1
2026-07-16 00:15:16,4057.01,4057.13,0.120,12.0,1
2026-07-16 00:15:21,4057.27,4057.38,0.110,11.0,1
2026-07-16 00:15:26,4057.33,4057.41,0.080,8.0,1
2026-07-16 00:15:31,4057.29,4057.34,0.050,5.0,1
2026-07-16 00:15:36,4057.13,4057.21,0.080,8.0,1
2026-07-16 00:15:41,4057.10,4057.15,0.050,5.0,1
2026-07-16 00:15:46,4057.15,4057.20,0.050,5.0,1
2026-07-16 00:15:51,4057.09,4057.14,0.050,5.0,1
2026-07-16 00:15:56,4057.14,4057.22,0.080,8.0,1
2026-07-16 00:16:01,4057.36,4057.42,0.060,6.0,1
2026-07-16 00:16:06,4056.77,4056.89,0.120,12.0,1
2026-07-16 00:16:11,4056.90,4057.02,0.120,12.0,1
2026-07-16 00:16:16,4056.76,4056.86,0.100,10.0,1
2026-07-16 00:16:21,4056.67,4056.74,0.070,7.0,1
2026-07-16 00:16:26,4056.66,4056.74,0.080,8.0,1
2026-07-16 00:16:31,4056.57,4056.62,0.050,5.0,1
2026-07-16 00:16:36,4056.39,4056.48,0.090,9.0,1
2026-07-16 00:16:41,4056.38,4056.43,0.050,5.0,1
2026-07-16 00:16:46,4056.38,4056.44,0.060,6.0,1
2026-07-16 00:16:51,4056.18,4056.26,0.080,8.0,1
2026-07-16 00:16:56,4056.38,4056.43,0.050,5.0,1
2026-07-16 00:17:01,4056.45,4056.50,0.050,5.0,1
2026-07-16 00:17:06,4056.14,4056.21,0.070,7.0,1
2026-07-16 00:17:11,4056.23,4056.29,0.060,6.0,1
2026-07-16 00:17:16,4056.58,4056.68,0.100,10.0,1
2026-07-16 00:17:21,4056.61,4056.66,0.050,5.0,1
2026-07-16 00:17:26,4056.61,4056.66,0.050,5.0,1
2026-07-16 00:17:31,4056.94,4057.05,0.110,11.0,1
2026-07-16 00:17:36,4057.28,4057.40,0.120,12.0,1
2026-07-16 00:17:41,4057.13,4057.25,0.120,12.0,1
2026-07-16 00:17:46,4056.91,4057.01,0.100,10.0,1
2026-07-16 00:17:51,4056.46,4056.58,0.120,12.0,1
2026-07-16 00:17:56,4056.47,4056.57,0.100,10.0,1
2026-07-16 00:18:01,4056.61,4056.73,0.120,12.0,1
2026-07-16 00:18:06,4056.78,4056.87,0.090,9.0,1
2026-07-16 00:18:11,4056.80,4056.89,0.090,9.0,1
2026-07-16 00:18:16,4056.91,4056.96,0.050,5.0,1
2026-07-16 00:18:21,4056.93,4057.02,0.090,9.0,1
2026-07-16 00:18:26,4056.93,4056.98,0.050,5.0,1
2026-07-16 00:18:31,4056.92,4056.98,0.060,6.0,1
2026-07-16 00:18:36,4056.72,4056.79,0.070,7.0,1
2026-07-16 00:18:41,4056.96,4057.01,0.050,5.0,1
2026-07-16 00:18:46,4056.94,4057.06,0.120,12.0,1
2026-07-16 00:18:51,4056.07,4056.19,0.120,12.0,1
2026-07-16 00:18:56,4056.03,4056.15,0.120,12.0,1
2026-07-16 00:19:01,4056.17,4056.28,0.110,11.0,1
2026-07-16 00:19:06,4056.06,4056.14,0.080,8.0,1
2026-07-16 00:19:11,4056.71,4056.83,0.120,12.0,1
2026-07-16 00:19:16,4057.18,4057.30,0.120,12.0,1
2026-07-16 00:19:21,4057.08,4057.19,0.110,11.0,1
2026-07-16 00:19:26,4056.45,4056.57,0.120,12.0,1
2026-07-16 00:19:31,4056.44,4056.56,0.120,12.0,1
2026-07-16 00:19:36,4056.64,4056.76,0.120,12.0,1
2026-07-16 00:19:41,4056.68,4056.79,0.110,11.0,1
2026-07-16 00:19:46,4056.40,4056.48,0.080,8.0,1
2026-07-16 00:19:51,4056.55,4056.65,0.100,10.0,1
2026-07-16 00:19:56,4056.83,4056.93,0.100,10.0,1
2026-07-16 00:20:01,4056.94,4057.01,0.070,7.0,1
2026-07-16 00:20:06,4056.24,4056.36,0.120,12.0,1
2026-07-16 00:20:11,4055.49,4055.60,0.110,11.0,1
2026-07-16 00:20:16,4055.20,4055.31,0.110,11.0,1
2026-07-16 00:20:21,4055.61,4055.71,0.100,10.0,1
2026-07-16 00:20:26,4055.64,4055.72,0.080,8.0,1
2026-07-16 00:20:31,4055.88,4055.96,0.080,8.0,1
2026-07-16 00:20:36,4056.32,4056.38,0.060,6.0,1
2026-07-16 00:20:41,4056.33,4056.38,0.050,5.0,1
2026-07-16 00:20:46,4056.12,4056.18,0.060,6.0,1
2026-07-16 00:20:51,4056.48,4056.53,0.050,5.0,1
2026-07-16 00:20:56,4057.07,4057.18,0.110,11.0,1
2026-07-16 00:21:01,4057.13,4057.22,0.090,9.0,1
2026-07-16 00:21:06,4056.83,4056.93,0.100,10.0,1
2026-07-16 00:21:11,4057.04,4057.15,0.110,11.0,1
2026-07-16 00:21:16,4056.99,4057.07,0.080,8.0,1
2026-07-16 00:21:21,4056.80,4056.85,0.050,5.0,1
2026-07-16 00:21:26,4056.63,4056.68,0.050,5.0,1
2026-07-16 00:21:31,4056.57,4056.62,0.050,5.0,1
2026-07-16 00:21:36,4056.34,4056.42,0.080,8.0,1
2026-07-16 00:21:41,4056.31,4056.38,0.070,7.0,1
2026-07-16 00:21:46,4056.52,4056.62,0.100,10.0,1
2026-07-16 00:21:51,4056.67,4056.79,0.120,12.0,1
2026-07-16 00:21:56,4057.15,4057.27,0.120,12.0,1
2026-07-16 00:22:01,4057.01,4057.13,0.120,12.0,1
2026-07-16 00:22:06,4056.98,4057.06,0.080,8.0,1
2026-07-16 00:22:11,4057.00,4057.05,0.050,5.0,1
2026-07-16 00:22:16,4057.46,4057.54,0.080,8.0,1
2026-07-16 00:22:21,4058.72,4058.84,0.120,12.0,1
2026-07-16 00:22:26,4058.44,4058.56,0.120,12.0,1
2026-07-16 00:22:31,4058.59,4058.71,0.120,12.0,1
2026-07-16 00:22:36,4058.93,4059.03,0.100,10.0,1
2026-07-16 00:22:41,4058.96,4059.08,0.120,12.0,1
2026-07-16 00:22:46,4059.64,4059.72,0.080,8.0,1
2026-07-16 00:22:51,4059.72,4059.80,0.080,8.0,1
2026-07-16 00:22:56,4059.51,4059.58,0.070,7.0,1
2026-07-16 00:23:01,4059.00,4059.06,0.060,6.0,1
2026-07-16 00:23:06,4059.46,4059.53,0.070,7.0,1
2026-07-16 00:23:11,4059.73,4059.80,0.070,7.0,1
2026-07-16 00:23:16,4059.99,4060.06,0.070,7.0,1
2026-07-16 00:23:21,4059.76,4059.81,0.050,5.0,1
2026-07-16 00:23:26,4059.90,4059.95,0.050,5.0,1
2026-07-16 00:23:31,4059.60,4059.72,0.120,12.0,1
2026-07-16 00:23:36,4059.62,4059.73,0.110,11.0,1
2026-07-16 00:23:41,4059.66,4059.71,0.050,5.0,1
2026-07-16 00:23:46,4059.86,4059.91,0.050,5.0,1
2026-07-16 00:23:51,4060.01,4060.06,0.050,5.0,1
2026-07-16 00:23:56,4060.22,4060.27,0.050,5.0,1
2026-07-16 00:24:01,4059.98,4060.06,0.080,8.0,1
2026-07-16 00:24:06,4059.93,4059.98,0.050,5.0,1
2026-07-16 00:24:11,4059.95,4060.00,0.050,5.0,1
2026-07-16 00:24:16,4059.68,4059.78,0.100,10.0,1
2026-07-16 00:24:21,4059.84,4059.93,0.090,9.0,1
2026-07-16 00:24:26,4059.90,4059.98,0.080,8.0,1
2026-07-16 00:24:31,4059.94,4060.00,0.060,6.0,1
2026-07-16 00:24:36,4059.97,4060.03,0.060,6.0,1
2026-07-16 00:24:41,4059.59,4059.64,0.050,5.0,1
2026-07-16 00:24:46,4059.58,4059.70,0.120,12.0,1
2026-07-16 00:24:51,4059.35,4059.44,0.090,9.0,1
2026-07-16 00:24:56,4058.78,4058.90,0.120,12.0,1
2026-07-16 00:25:01,4058.46,4058.58,0.120,12.0,1
2026-07-16 00:25:06,4058.62,4058.73,0.110,11.0,1
2026-07-16 00:25:11,4058.27,4058.39,0.120,12.0,1
2026-07-16 00:25:16,4058.67,4058.79,0.120,12.0,1
2026-07-16 00:25:21,4058.70,4058.78,0.080,8.0,1
2026-07-16 00:25:26,4058.97,4059.04,0.070,7.0,1
2026-07-16 00:25:31,4059.22,4059.27,0.050,5.0,1
2026-07-16 00:25:36,4059.48,4059.60,0.120,12.0,1
2026-07-16 00:25:41,4059.50,4059.57,0.070,7.0,1
2026-07-16 00:25:46,4059.51,4059.56,0.050,5.0,1
2026-07-16 00:25:51,4059.59,4059.64,0.050,5.0,1
2026-07-16 00:25:56,4059.69,4059.74,0.050,5.0,1
2026-07-16 00:26:01,4059.97,4060.09,0.120,12.0,1
2026-07-16 00:26:06,4059.14,4059.26,0.120,12.0,1
2026-07-16 00:26:11,4059.14,4059.26,0.120,12.0,1
2026-07-16 00:26:16,4059.07,4059.14,0.070,7.0,1
2026-07-16 00:26:21,4059.02,4059.07,0.050,5.0,1
2026-07-16 00:26:26,4059.28,4059.40,0.120,12.0,1
2026-07-16 00:26:31,4059.68,4059.74,0.060,6.0,1
2026-07-16 00:26:36,4059.62,4059.67,0.050,5.0,1
2026-07-16 00:26:41,4059.42,4059.50,0.080,8.0,1
2026-07-16 00:26:46,4059.69,4059.81,0.120,12.0,1
2026-07-16 00:26:51,4059.68,4059.80,0.120,12.0,1
2026-07-16 00:26:56,4059.40,4059.52,0.120,12.0,1
2026-07-16 00:27:01,4059.30,4059.38,0.080,8.0,1
2026-07-16 00:27:06,4059.45,4059.51,0.060,6.0,1
2026-07-16 00:27:11,4058.92,4059.04,0.120,12.0,1
2026-07-16 00:27:16,4058.97,4059.06,0.090,9.0,1
2026-07-16 00:27:21,4058.83,4058.95,0.120,12.0,1
2026-07-16 00:27:26,4058.91,4058.99,0.080,8.0,1
2026-07-16 00:27:31,4058.71,4058.83,0.120,12.0,1
2026-07-16 00:27:36,4058.60,4058.72,0.120,12.0,1
2026-07-16 00:27:41,4057.88,4058.00,0.120,12.0,1
2026-07-16 00:27:46,4057.99,4058.11,0.120,12.0,1
2026-07-16 00:27:51,4058.19,4058.27,0.080,8.0,1
2026-07-16 00:27:56,4058.19,4058.24,0.050,5.0,1
2026-07-16 00:28:01,4058.18,4058.23,0.050,5.0,1
2026-07-16 00:28:06,4058.41,4058.46,0.050,5.0,1
2026-07-16 00:28:11,4058.38,4058.47,0.090,9.0,1
2026-07-16 00:28:16,4058.56,4058.61,0.050,5.0,1
2026-07-16 00:28:21,4058.85,4058.91,0.060,6.0,1
2026-07-16 00:28:26,4058.58,4058.63,0.050,5.0,1
2026-07-16 00:28:31,4058.64,4058.73,0.090,9.0,1
2026-07-16 00:28:36,4058.67,4058.72,0.050,5.0,1
2026-07-16 00:28:41,4058.87,4058.92,0.050,5.0,1
2026-07-16 00:28:46,4058.95,4059.00,0.050,5.0,1
2026-07-16 00:28:51,4059.42,4059.50,0.080,8.0,1
2026-07-16 00:28:56,4059.65,4059.71,0.060,6.0,1
2026-07-16 00:29:01,4059.76,4059.86,0.100,10.0,1
2026-07-16 00:29:06,4059.72,4059.80,0.080,8.0,1
2026-07-16 00:29:11,4059.74,4059.79,0.050,5.0,1
2026-07-16 00:29:16,4059.74,4059.79,0.050,5.0,1
2026-07-16 00:29:21,4059.50,4059.62,0.120,12.0,1
2026-07-16 00:29:26,4059.39,4059.51,0.120,12.0,1
2026-07-16 00:29:31,4059.06,4059.18,0.120,12.0,1
2026-07-16 00:29:36,4059.03,4059.14,0.110,11.0,1
2026-07-16 00:29:41,4058.74,4058.82,0.080,8.0,1
2026-07-16 00:29:46,4058.58,4058.68,0.100,10.0,1
2026-07-16 00:29:51,4058.49,4058.54,0.050,5.0,1
2026-07-16 00:29:56,4058.47,4058.52,0.050,5.0,1
2026-07-16 00:30:01,4058.57,4058.62,0.050,5.0,1
2026-07-16 00:30:06,4058.48,4058.53,0.050,5.0,1
2026-07-16 00:30:11,4058.74,4058.85,0.110,11.0,1
2026-07-16 00:30:16,4059.09,4059.21,0.120,12.0,1
2026-07-16 00:30:21,4059.22,4059.34,0.120,12.0,1
2026-07-16 00:30:26,4059.83,4059.95,0.120,12.0,1
2026-07-16 00:30:31,4059.44,4059.54,0.100,10.0,1
2026-07-16 00:30:36,4059.42,4059.54,0.120,12.0,1
2026-07-16 00:30:41,4059.33,4059.38,0.050,5.0,1
2026-07-16 00:30:46,4059.98,4060.10,0.120,12.0,1
2026-07-16 00:30:51,4060.03,4060.11,0.080,8.0,1
2026-07-16 00:30:56,4059.88,4060.00,0.120,12.0,1
2026-07-16 00:31:01,4060.46,4060.58,0.120,12.0,1
2026-07-16 00:31:06,4060.49,4060.61,0.120,12.0,1
2026-07-16 00:31:11,4060.26,4060.38,0.120,12.0,1
2026-07-16 00:31:16,4060.29,4060.41,0.120,12.0,1
2026-07-16 00:31:21,4060.27,4060.32,0.050,5.0,1
2026-07-16 00:31:26,4060.31,4060.36,0.050,5.0,1
2026-07-16 00:31:31,4059.88,4060.00,0.120,12.0,1
2026-07-16 00:31:36,4060.28,4060.40,0.120,12.0,1
2026-07-16 00:31:41,4060.26,4060.31,0.050,5.0,1
2026-07-16 00:31:46,4060.34,4060.39,0.050,5.0,1
2026-07-16 00:31:51,4060.34,4060.39,0.050,5.0,1
2026-07-16 00:31:56,4060.58,4060.70,0.120,12.0,1
2026-07-16 00:32:01,4059.99,4060.11,0.120,12.0,1
2026-07-16 00:32:06,4060.05,4060.15,0.100,10.0,1
2026-07-16 00:32:11,4060.17,4060.22,0.050,5.0,1
2026-07-16 00:32:16,4059.74,4059.86,0.120,12.0,1
2026-07-16 00:32:21,4059.28,4059.40,0.120,12.0,1
2026-07-16 00:32:26,4058.79,4058.91,0.120,12.0,1
2026-07-16 00:32:31,4059.03,4059.15,0.120,12.0,1
2026-07-16 00:32:36,4059.06,4059.11,0.050,5.0,1
2026-07-16 00:32:41,4059.44,4059.54,0.100,10.0,1
2026-07-16 00:32:46,4059.61,4059.66,0.050,5.0,1
2026-07-16 00:32:51,4059.40,4059.46,0.060,6.0,1
2026-07-16 00:32:56,4059.50,4059.55,0.050,5.0,1
2026-07-16 00:33:01,4059.34,4059.39,0.050,5.0,1
2026-07-16 00:33:06,4059.26,4059.31,0.050,5.0,1
2026-07-16 00:33:11,4059.46,4059.54,0.080,8.0,1
2026-07-16 00:33:16,4059.36,4059.48,0.120,12.0,1
2026-07-16 00:33:21,4059.86,4059.98,0.120,12.0,1
2026-07-16 00:33:26,4060.12,4060.21,0.090,9.0,1
2026-07-16 00:33:31,4060.25,4060.30,0.050,5.0,1
2026-07-16 00:33:36,4060.10,4060.22,0.120,12.0,1
2026-07-16 00:33:41,4060.36,4060.48,0.120,12.0,1
2026-07-16 00:33:46,4060.35,4060.40,0.050,5.0,1
2026-07-16 00:33:51,4060.08,4060.20,0.120,12.0,1
2026-07-16 00:33:56,4059.66,4059.78,0.120,12.0,1
2026-07-16 00:34:01,4059.68,4059.80,0.120,12.0,1
2026-07-16 00:34:06,4059.82,4059.94,0.120,12.0,1
2026-07-16 00:34:11,4060.05,4060.13,0.080,8.0,1
2026-07-16 00:34:16,4059.53,4059.64,0.110,11.0,1
2026-07-16 00:34:21,4059.55,4059.60,0.050,5.0,1
2026-07-16 00:34:26,4059.47,4059.53,0.060,6.0,1
2026-07-16 00:34:31,4059.46,4059.51,0.050,5.0,1
2026-07-16 00:34:36,4059.34,4059.39,0.050,5.0,1
2026-07-16 00:34:41,4059.95,4060.07,0.120,12.0,1
2026-07-16 00:34:46,4060.30,4060.42,0.120,12.0,1
2026-07-16 00:34:51,4060.37,4060.44,0.070,7.0,1
2026-07-16 00:34:56,4060.48,4060.53,0.050,5.0,1
2026-07-16 00:35:01,4060.30,4060.42,0.120,12.0,1
2026-07-16 00:35:06,4059.57,4059.69,0.120,12.0,1
2026-07-16 00:35:11,4059.51,4059.63,0.120,12.0,1
2026-07-16 00:35:16,4059.67,4059.75,0.080,8.0,1
2026-07-16 00:35:21,4059.81,4059.88,0.070,7.0,1
2026-07-16 00:35:26,4059.58,4059.63,0.050,5.0,1
2026-07-16 00:35:31,4059.92,4060.02,0.100,10.0,1
2026-07-16 00:35:36,4060.11,4060.19,0.080,8.0,1
2026-07-16 00:35:41,4060.43,4060.50,0.070,7.0,1
2026-07-16 00:35:46,4060.54,4060.62,0.080,8.0,1
2026-07-16 00:35:51,4060.76,4060.82,0.060,6.0,1
2026-07-16 00:35:56,4060.90,4060.99,0.090,9.0,1
2026-07-16 00:36:01,4060.98,4061.03,0.050,5.0,1
2026-07-16 00:36:06,4060.92,4060.97,0.050,5.0,1
2026-07-16 00:36:11,4060.84,4060.89,0.050,5.0,1
2026-07-16 00:36:16,4060.86,4060.91,0.050,5.0,1
2026-07-16 00:36:21,4060.86,4060.92,0.060,6.0,1
2026-07-16 00:36:26,4060.85,4060.90,0.050,5.0,1
2026-07-16 00:36:31,4060.14,4060.24,0.100,10.0,1
2026-07-16 00:36:36,4060.26,4060.36,0.100,10.0,1
2026-07-16 00:36:41,4060.04,4060.12,0.080,8.0,1
2026-07-16 00:36:46,4059.90,4060.01,0.110,11.0,1
2026-07-16 00:36:51,4059.89,4059.98,0.090,9.0,1
2026-07-16 00:36:56,4060.02,4060.09,0.070,7.0,1
2026-07-16 00:37:01,4060.31,4060.39,0.080,8.0,1
2026-07-16 00:37:06,4060.34,4060.40,0.060,6.0,1
2026-07-16 00:37:11,4060.43,4060.54,0.110,11.0,1
2026-07-16 00:37:16,4059.81,4059.89,0.080,8.0,1
2026-07-16 00:37:21,4059.86,4059.98,0.120,12.0,1
2026-07-16 00:37:26,4060.07,4060.19,0.120,12.0,1
2026-07-16 00:37:31,4060.09,4060.17,0.080,8.0,1
2026-07-16 00:37:36,4060.84,4060.96,0.120,12.0,1
2026-07-16 00:37:41,4060.48,4060.60,0.120,12.0,1
2026-07-16 00:37:46,4060.70,4060.82,0.120,12.0,1
2026-07-16 00:37:51,4060.68,4060.80,0.120,12.0,1
2026-07-16 00:37:56,4060.50,4060.59,0.090,9.0,1
2026-07-16 00:38:01,4060.56,4060.63,0.070,7.0,1
2026-07-16 00:38:06,4060.36,4060.45,0.090,9.0,1
2026-07-16 00:38:11,4060.35,4060.41,0.060,6.0,1
2026-07-16 00:38:16,4060.32,4060.38,0.060,6.0,1
2026-07-16 00:38:21,4060.38,4060.43,0.050,5.0,1
2026-07-16 00:38:26,4060.37,4060.42,0.050,5.0,1
2026-07-16 00:38:31,4059.86,4059.97,0.110,11.0,1
2026-07-16 00:38:36,4059.71,4059.79,0.080,8.0,1
2026-07-16 00:38:41,4059.61,4059.67,0.060,6.0,1
2026-07-16 00:38:46,4059.30,4059.39,0.090,9.0,1
2026-07-16 00:38:51,4059.11,4059.21,0.100,10.0,1
2026-07-16 00:38:56,4059.08,4059.20,0.120,12.0,1
2026-07-16 00:39:01,4058.88,4058.99,0.110,11.0,1
2026-07-16 00:39:06,4059.13,4059.24,0.110,11.0,1
2026-07-16 00:39:11,4059.14,4059.22,0.080,8.0,1
2026-07-16 00:39:16,4059.43,4059.50,0.070,7.0,1
2026-07-16 00:39:21,4059.58,4059.63,0.050,5.0,1
2026-07-16 00:39:26,4059.42,4059.54,0.120,12.0,1
2026-07-16 00:39:31,4059.42,4059.51,0.090,9.0,1
2026-07-16 00:39:36,4059.43,4059.48,0.050,5.0,1
2026-07-16 00:39:41,4059.17,4059.25,0.080,8.0,1
2026-07-16 00:39:46,4058.89,4058.94,0.050,5.0,1
2026-07-16 00:39:51,4058.49,4058.61,0.120,12.0,1
2026-07-16 00:39:56,4058.50,4058.59,0.090,9.0,1
2026-07-16 00:40:01,4058.58,4058.64,0.060,6.0,1
2026-07-16 00:40:06,4058.08,4058.20,0.120,12.0,1
2026-07-16 00:40:11,4057.89,4057.97,0.080,8.0,1
2026-07-16 00:40:16,4058.16,4058.28,0.120,12.0,1
2026-07-16 00:40:21,4058.40,4058.48,0.080,8.0,1
2026-07-16 00:40:26,4058.30,4058.38,0.080,8.0,1
2026-07-16 00:40:31,4057.95,4058.07,0.120,12.0,1
2026-07-16 00:40:36,4058.52,4058.64,0.120,12.0,1
2026-07-16 00:40:41,4058.11,4058.23,0.120,12.0,1
2026-07-16 00:40:46,4058.18,4058.30,0.120,12.0,1
2026-07-16 00:40:51,4058.35,4058.40,0.050,5.0,1
2026-07-16 00:40:56,4058.35,4058.40,0.050,5.0,1
2026-07-16 00:41:01,4058.00,4058.07,0.070,7.0,1
2026-07-16 00:41:06,4058.02,4058.07,0.050,5.0,1
2026-07-16 00:41:11,4058.60,4058.71,0.110,11.0,1
2026-07-16 00:41:16,4058.31,4058.40,0.090,9.0,1
2026-07-16 00:41:21,4057.99,4058.11,0.120,12.0,1
2026-07-16 00:41:26,4058.27,4058.35,0.080,8.0,1
2026-07-16 00:41:31,4058.24,4058.34,0.100,10.0,1
2026-07-16 00:41:36,4058.44,4058.49,0.050,5.0,1
2026-07-16 00:41:41,4058.43,4058.54,0.110,11.0,1
2026-07-16 00:41:46,4058.00,4058.12,0.120,12.0,1
2026-07-16 00:41:51,4058.05,4058.10,0.050,5.0,1
2026-07-16 00:41:56,4058.06,4058.11,0.050,5.0,1
2026-07-16 00:42:01,4057.68,4057.80,0.120,12.0,1
2026-07-16 00:42:06,4057.57,4057.62,0.050,5.0,1
2026-07-16 00:42:11,4057.61,4057.66,0.050,5.0,1
2026-07-16 00:42:16,4057.30,4057.42,0.120,12.0,1
2026-07-16 00:42:21,4057.50,4057.61,0.110,11.0,1
2026-07-16 00:42:26,4057.40,4057.46,0.060,6.0,1
2026-07-16 00:42:31,4057.49,4057.54,0.050,5.0,1
2026-07-16 00:42:36,4056.97,4057.09,0.120,12.0,1
2026-07-16 00:42:41,4056.89,4056.98,0.090,9.0,1
2026-07-16 00:42:46,4056.87,4056.96,0.090,9.0,1
2026-07-16 00:42:51,4057.02,4057.14,0.120,12.0,1
2026-07-16 00:42:56,4057.07,4057.14,0.070,7.0,1
2026-07-16 00:43:01,4057.06,4057.11,0.050,5.0,1
2026-07-16 00:43:06,4056.83,4056.93,0.100,10.0,1
2026-07-16 00:43:11,4056.20,4056.32,0.120,12.0,1
2026-07-16 00:43:16,4056.86,4056.98,0.120,12.0,1
2026-07-16 00:43:21,4056.80,4056.92,0.120,12.0,1
2026-07-16 00:43:26,4056.85,4056.97,0.120,12.0,1
2026-07-16 00:43:31,4056.78,4056.87,0.090,9.0,1
2026-07-16 00:43:36,4056.67,4056.75,0.080,8.0,1
2026-07-16 00:43:41,4056.65,4056.72,0.070,7.0,1
2026-07-16 00:43:46,4056.52,4056.58,0.060,6.0,1
2026-07-16 00:43:51,4055.67,4055.79,0.120,12.0,1
2026-07-16 00:43:56,4055.73,4055.84,0.110,11.0,1
2026-07-16 00:44:01,4056.00,4056.09,0.090,9.0,1
2026-07-16 00:44:06,4055.92,4056.04,0.120,12.0,1
2026-07-16 00:44:11,4055.56,4055.66,0.100,10.0,1
2026-07-16 00:44:16,4055.34,4055.46,0.120,12.0,1
2026-07-16 00:44:21,4054.92,4055.02,0.100,10.0,1
2026-07-16 00:44:26,4054.94,4055.04,0.100,10.0,1
2026-07-16 00:44:31,4055.05,4055.17,0.120,12.0,1
2026-07-16 00:44:36,4054.66,4054.78,0.120,12.0,1
2026-07-16 00:44:41,4054.62,4054.72,0.100,10.0,1
2026-07-16 00:44:46,4054.97,4055.06,0.090,9.0,1
2026-07-16 00:44:51,4055.28,4055.37,0.090,9.0,1
2026-07-16 00:44:56,4055.23,4055.28,0.050,5.0,1
2026-07-16 00:45:01,4056.12,4056.24,0.120,12.0,1
2026-07-16 00:45:06,4055.63,4055.75,0.120,12.0,1
2026-07-16 00:45:11,4055.81,4055.93,0.120,12.0,1
2026-07-16 00:45:16,4056.65,4056.77,0.120,12.0,1
2026-07-16 00:45:21,4057.19,4057.30,0.110,11.0,1
2026-07-16 00:45:26,4056.88,4056.96,0.080,8.0,1
2026-07-16 00:45:31,4056.90,4056.96,0.060,6.0,1
2026-07-16 00:45:36,4057.00,4057.05,0.050,5.0,1
2026-07-16 00:45:41,4056.15,4056.26,0.110,11.0,1
2026-07-16 00:45:46,4056.31,4056.43,0.120,12.0,1
2026-07-16 00:45:51,4056.87,4056.96,0.090,9.0,1
2026-07-16 00:45:56,4056.25,4056.37,0.120,12.0,1
2026-07-16 00:46:01,4056.28,4056.37,0.090,9.0,1
2026-07-16 00:46:06,4056.61,4056.68,0.070,7.0,1
2026-07-16 00:46:11,4056.30,4056.35,0.050,5.0,1
2026-07-16 00:46:16,4056.63,4056.68,0.050,5.0,1
2026-07-16 00:46:21,4057.09,4057.21,0.120,12.0,1
2026-07-16 00:46:26,4056.99,4057.10,0.110,11.0,1
2026-07-16 00:46:31,4057.60,4057.71,0.110,11.0,1
2026-07-16 00:46:36,4057.67,4057.75,0.080,8.0,1
2026-07-16 00:46:41,4057.61,4057.73,0.120,12.0,1
2026-07-16 00:46:46,4058.13,4058.25,0.120,12.0,1
2026-07-16 00:46:51,4057.92,4057.97,0.050,5.0,1
2026-07-16 00:46:56,4058.02,4058.07,0.050,5.0,1
2026-07-16 00:47:01,4058.20,4058.25,0.050,5.0,1
2026-07-16 00:47:06,4058.51,4058.58,0.070,7.0,1
2026-07-16 00:47:11,4058.63,4058.68,0.050,5.0,1
2026-07-16 00:47:16,4058.80,4058.90,0.100,10.0,1
2026-07-16 00:47:21,4058.46,4058.58,0.120,12.0,1
2026-07-16 00:47:26,4058.75,4058.87,0.120,12.0,1
2026-07-16 00:47:31,4059.32,4059.44,0.120,12.0,1
2026-07-16 00:47:36,4059.10,4059.19,0.090,9.0,1
2026-07-16 00:47:41,4058.81,4058.90,0.090,9.0,1
2026-07-16 00:47:46,4058.76,4058.85,0.090,9.0,1
2026-07-16 00:47:51,4058.80,4058.85,0.050,5.0,1
2026-07-16 00:47:56,4058.35,4058.47,0.120,12.0,1
2026-07-16 00:48:01,4058.52,4058.64,0.120,12.0,1
2026-07-16 00:48:06,4058.26,4058.35,0.090,9.0,1
2026-07-16 00:48:11,4058.52,4058.60,0.080,8.0,1
2026-07-16 00:48:16,4058.88,4058.97,0.090,9.0,1
2026-07-16 00:48:21,4058.76,4058.88,0.120,12.0,1
2026-07-16 00:48:26,4058.63,4058.74,0.110,11.0,1
2026-07-16 00:48:31,4058.60,4058.72,0.120,12.0,1
2026-07-16 00:48:36,4058.81,4058.88,0.070,7.0,1
2026-07-16 00:48:41,4057.94,4058.06,0.120,12.0,1
2026-07-16 00:48:46,4058.51,4058.63,0.120,12.0,1
2026-07-16 00:48:51,4058.31,4058.43,0.120,12.0,1
2026-07-16 00:48:56,4058.37,4058.45,0.080,8.0,1
2026-07-16 00:49:01,4058.39,4058.44,0.050,5.0,1
2026-07-16 00:49:06,4058.55,4058.67,0.120,12.0,1
2026-07-16 00:49:11,4058.63,4058.70,0.070,7.0,1
2026-07-16 00:49:16,4058.94,4059.03,0.090,9.0,1
2026-07-16 00:49:21,4058.95,4059.04,0.090,9.0,1
2026-07-16 00:49:26,4059.18,4059.23,0.050,5.0,1
2026-07-16 00:49:31,4059.63,4059.68,0.050,5.0,1
2026-07-16 00:49:36,4059.63,4059.73,0.100,10.0,1
2026-07-16 00:49:41,4059.47,4059.59,0.120,12.0,1
2026-07-16 00:49:46,4059.36,4059.44,0.080,8.0,1
2026-07-16 00:49:51,4059.20,4059.25,0.050,5.0,1
2026-07-16 00:49:56,4059.28,4059.40,0.120,12.0,1
2026-07-16 00:50:01,4059.70,4059.77,0.070,7.0,1
2026-07-16 00:50:06,4059.41,4059.53,0.120,12.0,1
2026-07-16 00:50:11,4059.22,4059.34,0.120,12.0,1
2026-07-16 00:50:16,4059.24,4059.30,0.060,6.0,1
2026-07-16 00:50:21,4059.21,4059.33,0.120,12.0,1
2026-07-16 00:50:26,4059.84,4059.96,0.120,12.0,1
2026-07-16 00:50:31,4059.70,4059.80,0.100,10.0,1
2026-07-16 00:50:36,4059.79,4059.90,0.110,11.0,1
2026-07-16 00:50:41,4058.75,4058.87,0.120,12.0,1
2026-07-16 00:50:46,4058.52,4058.64,0.120,12.0,1
2026-07-16 00:50:51,4058.65,4058.75,0.100,10.0,1
2026-07-16 00:50:56,4058.85,4058.90,0.050,5.0,1
2026-07-16 00:51:01,4058.69,4058.74,0.050,5.0,1
2026-07-16 00:51:06,4058.63,4058.68,0.050,5.0,1
2026-07-16 00:51:11,4058.87,4058.92,0.050,5.0,1
2026-07-16 00:51:16,4059.16,4059.28,0.120,12.0,1
2026-07-16 00:51:21,4059.09,4059.17,0.080,8.0,1
2026-07-16 00:51:26,4059.00,4059.08,0.080,8.0,1
2026-07-16 00:51:31,4059.13,4059.18,0.050,5.0,1
2026-07-16 00:51:36,4058.74,4058.79,0.050,5.0,1
2026-07-16 00:51:41,4058.71,4058.81,0.100,10.0,1
2026-07-16 00:51:46,4058.70,4058.75,0.050,5.0,1
2026-07-16 00:51:51,4058.77,4058.82,0.050,5.0,1
2026-07-16 00:51:56,4059.09,4059.14,0.050,5.0,1
2026-07-16 00:52:01,4060.00,4060.12,0.120,12.0,1
2026-07-16 00:52:06,4059.94,4060.06,0.120,12.0,1
2026-07-16 00:52:11,4059.70,4059.81,0.110,11.0,1
2026-07-16 00:52:16,4059.64,4059.74,0.100,10.0,1
2026-07-16 00:52:21,4059.67,4059.72,0.050,5.0,1
2026-07-16 00:52:26,4060.40,4060.46,0.060,6.0,1
2026-07-16 00:52:31,4060.56,4060.68,0.120,12.0,1
2026-07-16 00:52:36,4060.95,4061.07,0.120,12.0,1
2026-07-16 00:52:41,4059.94,4060.06,0.120,12.0,1
2026-07-16 00:52:46,4058.86,4058.98,0.120,12.0,1
2026-07-16 00:52:51,4059.25,4059.37,0.120,12.0,1
2026-07-16 00:52:56,4059.34,4059.46,0.120,12.0,1
2026-07-16 00:53:01,4058.50,4058.61,0.110,11.0,1
2026-07-16 00:53:06,4057.82,4057.93,0.110,11.0,1
2026-07-16 00:53:11,4057.65,4057.74,0.090,9.0,1
2026-07-16 00:53:16,4057.72,4057.80,0.080,8.0,1
2026-07-16 00:53:21,4056.53,4056.65,0.120,12.0,1
2026-07-16 00:53:26,4056.31,4056.42,0.110,11.0,1
2026-07-16 00:53:31,4056.10,4056.18,0.080,8.0,1
2026-07-16 00:53:36,4055.72,4055.79,0.070,7.0,1
2026-07-16 00:53:41,4056.86,4056.96,0.100,10.0,1
2026-07-16 00:53:46,4056.70,4056.82,0.120,12.0,1
2026-07-16 00:53:51,4056.57,4056.66,0.090,9.0,1
2026-07-16 00:53:56,4055.98,4056.07,0.090,9.0,1
2026-07-16 00:54:01,4056.08,4056.15,0.070,7.0,1
2026-07-16 00:54:06,4055.48,4055.55,0.070,7.0,1
2026-07-16 00:54:11,4054.99,4055.06,0.070,7.0,1
2026-07-16 00:54:16,4055.07,4055.19,0.120,12.0,1
2026-07-16 00:54:21,4054.87,4054.97,0.100,10.0,1
2026-07-16 00:54:26,4054.86,4054.98,0.120,12.0,1
2026-07-16 00:54:31,4054.36,4054.48,0.120,12.0,1
2026-07-16 00:54:36,4053.55,4053.67,0.120,12.0,1
2026-07-16 00:54:41,4053.86,4053.98,0.120,12.0,1
2026-07-16 00:54:46,4053.52,4053.62,0.100,10.0,1
2026-07-16 00:54:51,4053.85,4053.90,0.050,5.0,1
2026-07-16 00:54:56,4053.74,4053.79,0.050,5.0,1
2026-07-16 00:55:01,4053.19,4053.31,0.120,12.0,1
2026-07-16 00:55:06,4052.44,4052.56,0.120,12.0,1
2026-07-16 00:55:11,4052.49,4052.61,0.120,12.0,1
2026-07-16 00:55:16,4052.29,4052.41,0.120,12.0,1
2026-07-16 00:55:21,4052.23,4052.35,0.120,12.0,1
2026-07-16 00:55:26,4052.19,4052.30,0.110,11.0,1
2026-07-16 00:55:31,4052.28,4052.35,0.070,7.0,1
2026-07-16 00:55:36,4052.08,4052.14,0.060,6.0,1
2026-07-16 00:55:41,4052.27,4052.33,0.060,6.0,1
2026-07-16 00:55:46,4052.35,4052.46,0.110,11.0,1
2026-07-16 00:55:51,4052.05,4052.17,0.120,12.0,1
2026-07-16 00:55:56,4051.86,4051.94,0.080,8.0,1
2026-07-16 00:56:01,4051.52,4051.57,0.050,5.0,1
2026-07-16 00:56:06,4051.90,4052.02,0.120,12.0,1
2026-07-16 00:56:11,4050.83,4050.95,0.120,12.0,1
2026-07-16 00:56:16,4050.80,4050.92,0.120,12.0,1
2026-07-16 00:56:21,4050.43,4050.55,0.120,12.0,1
2026-07-16 00:56:26,4050.58,4050.65,0.070,7.0,1
2026-07-16 00:56:31,4050.42,4050.47,0.050,5.0,1
2026-07-16 00:56:36,4050.91,4050.96,0.050,5.0,1
2026-07-16 00:56:41,4051.06,4051.11,0.050,5.0,1
2026-07-16 00:56:46,4050.92,4050.97,0.050,5.0,1
2026-07-16 00:56:51,4051.03,4051.12,0.090,9.0,1
2026-07-16 00:56:56,4050.93,4050.98,0.050,5.0,1
2026-07-16 00:57:01,4050.85,4050.90,0.050,5.0,1
2026-07-16 00:57:06,4050.97,4051.03,0.060,6.0,1
2026-07-16 00:57:11,4050.72,4050.79,0.070,7.0,1
2026-07-16 00:57:16,4050.60,4050.65,0.050,5.0,1
2026-07-16 00:57:21,4050.50,4050.61,0.110,11.0,1
2026-07-16 00:57:26,4050.33,4050.43,0.100,10.0,1
2026-07-16 00:57:31,4050.67,4050.78,0.110,11.0,1
2026-07-16 00:57:36,4050.60,4050.70,0.100,10.0,1
2026-07-16 00:57:41,4050.61,4050.70,0.090,9.0,1
2026-07-16 00:57:46,4050.36,4050.44,0.080,8.0,1
2026-07-16 00:57:51,4050.30,4050.40,0.100,10.0,1
2026-07-16 00:57:56,4050.36,4050.45,0.090,9.0,1
2026-07-16 00:58:01,4049.91,4050.02,0.110,11.0,1
2026-07-16 00:58:06,4049.92,4050.01,0.090,9.0,1
2026-07-16 00:58:11,4049.76,4049.84,0.080,8.0,1
2026-07-16 00:58:16,4049.83,4049.90,0.070,7.0,1
2026-07-16 00:58:21,4050.00,4050.06,0.060,6.0,1
2026-07-16 00:58:26,4049.99,4050.06,0.070,7.0,1
2026-07-16 00:58:31,4050.16,4050.22,0.060,6.0,1
2026-07-16 00:58:36,4050.09,4050.21,0.120,12.0,1
2026-07-16 00:58:41,4050.06,4050.17,0.110,11.0,1
2026-07-16 00:58:46,4049.71,4049.82,0.110,11.0,1
2026-07-16 00:58:51,4049.77,4049.89,0.120,12.0,1
2026-07-16 00:58:56,4049.98,4050.07,0.090,9.0,1
2026-07-16 00:59:01,4048.84,4048.96,0.120,12.0,1
2026-07-16 00:59:06,4048.47,4048.59,0.120,12.0,1
2026-07-16 00:59:11,4048.74,4048.86,0.120,12.0,1
2026-07-16 00:59:16,4048.27,4048.39,0.120,12.0,1
2026-07-16 00:59:21,4048.26,4048.38,0.120,12.0,1
2026-07-16 00:59:26,4048.21,4048.31,0.100,10.0,1
2026-07-16 00:59:31,4046.75,4046.87,0.120,12.0,1
2026-07-16 00:59:36,4047.06,4047.18,0.120,12.0,1
2026-07-16 00:59:41,4045.50,4045.62,0.120,12.0,1
2026-07-16 00:59:46,4045.27,4045.39,0.120,12.0,1
2026-07-16 00:59:51,4044.98,4045.10,0.120,12.0,1
2026-07-16 00:59:56,4044.64,4044.76,0.120,12.0,1
2026-07-16 01:00:01,4044.26,4044.38,0.120,12.0,1
2026-07-16 01:00:06,4045.86,4045.98,0.120,12.0,1
2026-07-16 01:00:11,4046.78,4046.90,0.120,12.0,1
2026-07-16 01:00:16,4046.72,4046.84,0.120,12.0,1
2026-07-16 01:00:21,4047.08,4047.20,0.120,12.0,1
2026-07-16 01:00:26,4046.88,4046.99,0.110,11.0,1
2026-07-16 01:00:31,4049.22,4049.34,0.120,12.0,1
2026-07-16 01:00:36,4049.99,4050.11,0.120,12.0,1
2026-07-16 01:00:41,4048.80,4048.92,0.120,12.0,1
2026-07-16 01:00:46,4050.50,4050.60,0.100,10.0,1
2026-07-16 01:00:51,4049.37,4049.49,0.120,12.0,1
2026-07-16 01:00:56,4048.39,4048.50,0.110,11.0,1
2026-07-16 01:01:01,4048.29,4048.37,0.080,8.0,1
2026-07-16 01:01:06,4048.17,4048.29,0.120,12.0,1
2026-07-16 01:01:11,4047.43,4047.52,0.090,9.0,1
2026-07-16 01:01:16,4046.45,4046.56,0.110,11.0,1
2026-07-16 01:01:21,4046.15,4046.27,0.120,12.0,1
2026-07-16 01:01:26,4045.93,4046.03,0.100,10.0,1
2026-07-16 01:01:31,4046.84,4046.95,0.110,11.0,1
2026-07-16 01:01:36,4046.36,4046.48,0.120,12.0,1
2026-07-16 01:01:41,4044.99,4045.09,0.100,10.0,1
2026-07-16 01:01:46,4044.32,4044.40,0.080,8.0,1
2026-07-16 01:01:51,4043.56,4043.65,0.090,9.0,1
2026-07-16 01:01:56,4044.63,4044.75,0.120,12.0,1
2026-07-16 01:02:01,4044.11,4044.22,0.110,11.0,1
2026-07-16 01:02:06,4043.45,4043.57,0.120,12.0,1
2026-07-16 01:02:11,4042.91,4043.01,0.100,10.0,1
2026-07-16 01:02:16,4043.53,4043.64,0.110,11.0,1
2026-07-16 01:02:21,4044.00,4044.06,0.060,6.0,1
2026-07-16 01:02:26,4043.86,4043.93,0.070,7.0,1
2026-07-16 01:02:31,4043.33,4043.43,0.100,10.0,1
2026-07-16 01:02:36,4043.13,4043.25,0.120,12.0,1
2026-07-16 01:02:41,4042.59,4042.68,0.090,9.0,1
2026-07-16 01:02:46,4043.43,4043.53,0.100,10.0,1
2026-07-16 01:02:51,4041.59,4041.71,0.120,12.0,1
2026-07-16 01:02:56,4041.43,4041.55,0.120,12.0,1
2026-07-16 01:03:01,4042.39,4042.51,0.120,12.0,1
2026-07-16 01:03:06,4041.39,4041.49,0.100,10.0,1
2026-07-16 01:03:11,4042.26,4042.31,0.050,5.0,1
2026-07-16 01:03:16,4042.19,4042.24,0.050,5.0,1
2026-07-16 01:03:21,4043.40,4043.52,0.120,12.0,1
2026-07-16 01:03:26,4043.20,4043.32,0.120,12.0,1
2026-07-16 01:03:31,4043.53,4043.58,0.050,5.0,1
2026-07-16 01:03:36,4043.53,4043.65,0.120,12.0,1
2026-07-16 01:03:41,4042.58,4042.64,0.060,6.0,1
2026-07-16 01:03:46,4042.24,4042.30,0.060,6.0,1
2026-07-16 01:03:51,4041.68,4041.75,0.070,7.0,1
2026-07-16 01:03:56,4042.16,4042.22,0.060,6.0,1
2026-07-16 01:04:01,4042.71,4042.83,0.120,12.0,1
2026-07-16 01:04:06,4043.61,4043.73,0.120,12.0,1
2026-07-16 01:04:11,4043.34,4043.39,0.050,5.0,1
2026-07-16 01:04:16,4043.58,4043.70,0.120,12.0,1
2026-07-16 01:04:21,4043.60,4043.67,0.070,7.0,1
2026-07-16 01:04:26,4044.15,4044.21,0.060,6.0,1
2026-07-16 01:04:31,4045.62,4045.74,0.120,12.0,1
2026-07-16 01:04:36,4045.53,4045.65,0.120,12.0,1
2026-07-16 01:04:41,4045.75,4045.86,0.110,11.0,1
2026-07-16 01:04:46,4046.11,4046.23,0.120,12.0,1
2026-07-16 01:04:51,4045.91,4045.96,0.050,5.0,1
2026-07-16 01:04:56,4045.69,4045.79,0.100,10.0,1
2026-07-16 01:05:01,4045.16,4045.27,0.110,11.0,1
2026-07-16 01:05:06,4045.01,4045.13,0.120,12.0,1
2026-07-16 01:05:11,4044.65,4044.71,0.060,6.0,1
2026-07-16 01:05:16,4045.36,4045.48,0.120,12.0,1
2026-07-16 01:05:21,4045.56,4045.65,0.090,9.0,1
2026-07-16 01:05:26,4045.56,4045.61,0.050,5.0,1
2026-07-16 01:05:31,4044.56,4044.67,0.110,11.0,1
2026-07-16 01:05:36,4044.61,4044.70,0.090,9.0,1
2026-07-16 01:05:41,4044.81,4044.88,0.070,7.0,1
2026-07-16 01:05:46,4044.97,4045.02,0.050,5.0,1
2026-07-16 01:05:51,4044.32,4044.37,0.050,5.0,1
2026-07-16 01:05:56,4043.34,4043.46,0.120,12.0,1
2026-07-16 01:06:01,4044.00,4044.08,0.080,8.0,1
2026-07-16 01:06:06,4042.90,4043.02,0.120,12.0,1
2026-07-16 01:06:11,4043.78,4043.90,0.120,12.0,1
2026-07-16 01:06:16,4043.53,4043.63,0.100,10.0,1
2026-07-16 01:06:21,4043.82,4043.88,0.060,6.0,1
2026-07-16 01:06:26,4043.97,4044.09,0.120,12.0,1
2026-07-16 01:06:31,4044.18,4044.29,0.110,11.0,1
2026-07-16 01:06:36,4043.94,4044.06,0.120,12.0,1
2026-07-16 01:06:41,4043.11,4043.23,0.120,12.0,1
2026-07-16 01:06:46,4042.95,4043.06,0.110,11.0,1
2026-07-16 01:06:51,4043.59,4043.68,0.090,9.0,1
2026-07-16 01:06:56,4043.17,4043.28,0.110,11.0,1
2026-07-16 01:07:01,4043.24,4043.33,0.090,9.0,1
2026-07-16 01:07:06,4043.24,4043.32,0.080,8.0,1
2026-07-16 01:07:11,4043.31,4043.40,0.090,9.0,1
2026-07-16 01:07:16,4042.56,4042.67,0.110,11.0,1
2026-07-16 01:07:21,4042.87,4042.99,0.120,12.0,1
2026-07-16 01:07:26,4043.58,4043.70,0.120,12.0,1
2026-07-16 01:07:31,4043.77,4043.89,0.120,12.0,1
2026-07-16 01:07:36,4044.43,4044.55,0.120,12.0,1
2026-07-16 01:07:41,4044.91,4044.98,0.070,7.0,1
2026-07-16 01:07:46,4045.28,4045.40,0.120,12.0,1
2026-07-16 01:07:51,4045.41,4045.47,0.060,6.0,1
2026-07-16 01:07:56,4045.42,4045.47,0.050,5.0,1
2026-07-16 01:08:01,4045.83,4045.88,0.050,5.0,1
2026-07-16 01:08:06,4045.28,4045.40,0.120,12.0,1
2026-07-16 01:08:11,4045.32,4045.43,0.110,11.0,1
2026-07-16 01:08:16,4045.46,4045.54,0.080,8.0,1
2026-07-16 01:08:21,4046.45,4046.55,0.100,10.0,1
2026-07-16 01:08:26,4046.42,4046.47,0.050,5.0,1
2026-07-16 01:08:31,4046.35,4046.40,0.050,5.0,1
2026-07-16 01:08:36,4046.22,4046.27,0.050,5.0,1
2026-07-16 01:08:41,4046.06,4046.12,0.060,6.0,1
2026-07-16 01:08:46,4046.10,4046.15,0.050,5.0,1
2026-07-16 01:08:51,4046.11,4046.20,0.090,9.0,1
2026-07-16 01:08:56,4046.01,4046.06,0.050,5.0,1
2026-07-16 01:09:01,4046.07,4046.19,0.120,12.0,1
2026-07-16 01:09:06,4045.57,4045.68,0.110,11.0,1
2026-07-16 01:09:11,4045.71,4045.80,0.090,9.0,1
2026-07-16 01:09:16,4045.29,4045.41,0.120,12.0,1
2026-07-16 01:09:21,4045.66,4045.76,0.100,10.0,1
2026-07-16 01:09:26,4045.80,4045.88,0.080,8.0,1
2026-07-16 01:09:31,4045.83,4045.92,0.090,9.0,1
2026-07-16 01:09:36,4045.90,4045.99,0.090,9.0,1
2026-07-16 01:09:41,4045.85,4045.91,0.060,6.0,1
2026-07-16 01:09:46,4045.61,4045.70,0.090,9.0,1
2026-07-16 01:09:51,4045.19,4045.28,0.090,9.0,1
2026-07-16 01:09:56,4045.40,4045.48,0.080,8.0,1
2026-07-16 01:10:01,4045.51,4045.62,0.110,11.0,1
2026-07-16 01:10:06,4046.96,4047.08,0.120,12.0,1
2026-07-16 01:10:11,4047.71,4047.83,0.120,12.0,1
2026-07-16 01:10:16,4047.99,4048.09,0.100,10.0,1
2026-07-16 01:10:21,4048.32,4048.42,0.100,10.0,1
2026-07-16 01:10:26,4048.74,4048.85,0.110,11.0,1
2026-07-16 01:10:31,4048.69,4048.81,0.120,12.0,1
2026-07-16 01:10:36,4048.37,4048.44,0.070,7.0,1
2026-07-16 01:10:41,4048.83,4048.90,0.070,7.0,1
2026-07-16 01:10:46,4048.99,4049.10,0.110,11.0,1
2026-07-16 01:10:51,4048.43,4048.52,0.090,9.0,1
2026-07-16 01:10:56,4047.11,4047.23,0.120,12.0,1
2026-07-16 01:11:01,4047.26,4047.38,0.120,12.0,1
2026-07-16 01:11:06,4046.95,4047.03,0.080,8.0,1
2026-07-16 01:11:11,4047.30,4047.38,0.080,8.0,1
2026-07-16 01:11:16,4047.09,4047.15,0.060,6.0,1
2026-07-16 01:11:21,4047.64,4047.76,0.120,12.0,1
2026-07-16 01:11:26,4047.43,4047.51,0.080,8.0,1
2026-07-16 01:11:31,4047.76,4047.85,0.090,9.0,1
2026-07-16 01:11:36,4047.44,4047.49,0.050,5.0,1
2026-07-16 01:11:41,4047.84,4047.89,0.050,5.0,1
2026-07-16 01:11:46,4047.26,4047.32,0.060,6.0,1
2026-07-16 01:11:51,4047.45,4047.51,0.060,6.0,1
2026-07-16 01:11:56,4047.69,4047.74,0.050,5.0,1
2026-07-16 01:12:01,4047.35,4047.47,0.120,12.0,1
2026-07-16 01:12:06,4047.16,4047.26,0.100,10.0,1
2026-07-16 01:12:11,4046.67,4046.75,0.080,8.0,1
2026-07-16 01:12:16,4045.71,4045.83,0.120,12.0,1
2026-07-16 01:12:21,4045.36,4045.48,0.120,12.0,1
2026-07-16 01:12:26,4045.55,4045.64,0.090,9.0,1
2026-07-16 01:12:31,4044.12,4044.24,0.120,12.0,1
2026-07-16 01:12:36,4044.04,4044.14,0.100,10.0,1
2026-07-16 01:12:41,4043.45,4043.51,0.060,6.0,1
2026-07-16 01:12:46,4043.05,4043.17,0.120,12.0,1
2026-07-16 01:12:51,4043.91,4044.03,0.120,12.0,1
2026-07-16 01:12:56,4044.00,4044.12,0.120,12.0,1
2026-07-16 01:13:01,4043.61,4043.72,0.110,11.0,1
2026-07-16 01:13:06,4043.05,4043.17,0.120,12.0,1
2026-07-16 01:13:11,4042.60,4042.72,0.120,12.0,1
2026-07-16 01:13:16,4043.33,4043.45,0.120,12.0,1
2026-07-16 01:13:21,4043.71,4043.81,0.100,10.0,1
2026-07-16 01:13:26,4043.54,4043.61,0.070,7.0,1
2026-07-16 01:13:31,4043.44,4043.50,0.060,6.0,1
2026-07-16 01:13:36,4043.70,4043.75,0.050,5.0,1
2026-07-16 01:13:41,4043.52,4043.57,0.050,5.0,1
2026-07-16 01:13:46,4043.72,4043.84,0.120,12.0,1
2026-07-16 01:13:51,4043.49,4043.60,0.110,11.0,1
2026-07-16 01:13:56,4043.68,4043.74,0.060,6.0,1
2026-07-16 01:14:01,4043.74,4043.79,0.050,5.0,1
2026-07-16 01:14:06,4044.51,4044.63,0.120,12.0,1
2026-07-16 01:14:11,4044.31,4044.41,0.100,10.0,1
2026-07-16 01:14:16,4044.48,4044.53,0.050,5.0,1
2026-07-16 01:14:21,4044.62,4044.67,0.050,5.0,1
2026-07-16 01:14:26,4044.75,4044.80,0.050,5.0,1
2026-07-16 01:14:31,4044.92,4044.97,0.050,5.0,1
2026-07-16 01:14:36,4045.83,4045.91,0.080,8.0,1
2026-07-16 01:14:41,4045.42,4045.54,0.120,12.0,1
2026-07-16 01:14:46,4045.59,4045.71,0.120,12.0,1
2026-07-16 01:14:51,4045.66,4045.71,0.050,5.0,1
2026-07-16 01:14:56,4045.30,4045.42,0.120,12.0,1
2026-07-16 01:15:01,4045.43,4045.48,0.050,5.0,1
2026-07-16 01:15:06,4044.41,4044.50,0.090,9.0,1
2026-07-16 01:15:11,4044.42,4044.47,0.050,5.0,1
2026-07-16 01:15:16,4044.36,4044.41,0.050,5.0,1
2026-07-16 01:15:21,4045.07,4045.19,0.120,12.0,1
2026-07-16 01:15:26,4044.44,4044.56,0.120,12.0,1
2026-07-16 01:15:31,4044.48,4044.59,0.110,11.0,1
2026-07-16 01:15:36,4044.05,4044.14,0.090,9.0,1
2026-07-16 01:15:41,4043.86,4043.91,0.050,5.0,1
2026-07-16 01:15:46,4043.87,4043.92,0.050,5.0,1
2026-07-16 01:15:51,4044.36,4044.45,0.090,9.0,1
2026-07-16 01:15:56,4044.76,4044.81,0.050,5.0,1
2026-07-16 01:16:01,4044.39,4044.51,0.120,12.0,1
2026-07-16 01:16:06,4044.23,4044.35,0.120,12.0,1
2026-07-16 01:16:11,4044.23,4044.31,0.080,8.0,1
2026-07-16 01:16:16,4044.58,4044.63,0.050,5.0,1
2026-07-16 01:16:21,4044.68,4044.73,0.050,5.0,1
2026-07-16 01:16:26,4043.86,4043.98,0.120,12.0,1
2026-07-16 01:16:31,4043.59,4043.71,0.120,12.0,1
2026-07-16 01:16:36,4043.71,4043.82,0.110,11.0,1
2026-07-16 01:16:41,4043.76,4043.82,0.060,6.0,1
2026-07-16 01:16:46,4044.20,4044.25,0.050,5.0,1
2026-07-16 01:16:51,4043.10,4043.22,0.120,12.0,1
2026-07-16 01:16:56,4042.99,4043.11,0.120,12.0,1
2026-07-16 01:17:01,4043.35,4043.44,0.090,9.0,1
2026-07-16 01:17:06,4043.02,4043.07,0.050,5.0,1
2026-07-16 01:17:11,4042.64,4042.69,0.050,5.0,1
2026-07-16 01:17:16,4041.81,4041.92,0.110,11.0,1
2026-07-16 01:17:21,4041.61,4041.68,0.070,7.0,1
2026-07-16 01:17:26,4041.31,4041.41,0.100,10.0,1
2026-07-16 01:17:31,4040.88,4040.93,0.050,5.0,1
2026-07-16 01:17:36,4040.78,4040.90,0.120,12.0,1
2026-07-16 01:17:41,4040.91,4040.96,0.050,5.0,1
2026-07-16 01:17:46,4040.71,4040.76,0.050,5.0,1
2026-07-16 01:17:51,4040.65,4040.77,0.120,12.0,1
2026-07-16 01:17:56,4040.23,4040.35,0.120,12.0,1
2026-07-16 01:18:01,4040.42,4040.51,0.090,9.0,1
2026-07-16 01:18:06,4039.86,4039.98,0.120,12.0,1
2026-07-16 01:18:11,4040.46,4040.58,0.120,12.0,1
2026-07-16 01:18:16,4039.86,4039.98,0.120,12.0,1
2026-07-16 01:18:21,4039.33,4039.45,0.120,12.0,1
2026-07-16 01:18:26,4039.44,4039.56,0.120,12.0,1
2026-07-16 01:18:31,4040.00,4040.12,0.120,12.0,1
2026-07-16 01:18:36,4040.87,4040.99,0.120,12.0,1
2026-07-16 01:18:41,4040.13,4040.25,0.120,12.0,1
2026-07-16 01:18:46,4040.48,4040.58,0.100,10.0,1
2026-07-16 01:18:51,4040.61,4040.67,0.060,6.0,1
2026-07-16 01:18:56,4040.76,4040.81,0.050,5.0,1
2026-07-16 01:19:01,4040.74,4040.79,0.050,5.0,1
2026-07-16 01:19:06,4041.04,4041.09,0.050,5.0,1
2026-07-16 01:19:11,4040.95,4041.00,0.050,5.0,1
2026-07-16 01:19:16,4040.78,4040.85,0.070,7.0,1
2026-07-16 01:19:21,4040.87,4040.93,0.060,6.0,1
2026-07-16 01:19:26,4040.48,4040.53,0.050,5.0,1
2026-07-16 01:19:31,4040.63,4040.72,0.090,9.0,1
2026-07-16 01:19:36,4040.91,4041.02,0.110,11.0,1
2026-07-16 01:19:41,4040.14,4040.22,0.080,8.0,1
2026-07-16 01:19:46,4040.63,4040.75,0.120,12.0,1
2026-07-16 01:19:51,4040.63,4040.72,0.090,9.0,1
2026-07-16 01:19:56,4040.85,4040.92,0.070,7.0,1
2026-07-16 01:20:01,4040.80,4040.92,0.120,12.0,1
2026-07-16 01:20:06,4040.68,4040.79,0.110,11.0,1
2026-07-16 01:20:11,4040.60,4040.66,0.060,6.0,1
2026-07-16 01:20:16,4041.02,4041.08,0.060,6.0,1
2026-07-16 01:20:21,4040.64,4040.69,0.050,5.0,1
2026-07-16 01:20:26,4040.44,4040.53,0.090,9.0,1
2026-07-16 01:20:31,4041.21,4041.33,0.120,12.0,1
2026-07-16 01:20:36,4040.83,4040.95,0.120,12.0,1
2026-07-16 01:20:41,4041.13,4041.25,0.120,12.0,1
2026-07-16 01:20:46,4041.25,4041.33,0.080,8.0,1
2026-07-16 01:20:51,4041.26,4041.37,0.110,11.0,1
2026-07-16 01:20:56,4041.63,4041.75,0.120,12.0,1
2026-07-16 01:21:01,4041.52,4041.60,0.080,8.0,1
2026-07-16 01:21:06,4041.82,4041.94,0.120,12.0,1
2026-07-16 01:21:11,4041.73,4041.85,0.120,12.0,1
2026-07-16 01:21:16,4042.46,4042.58,0.120,12.0,1
2026-07-16 01:21:21,4043.05,4043.17,0.120,12.0,1
2026-07-16 01:21:26,4043.57,4043.63,0.060,6.0,1
2026-07-16 01:21:31,4042.71,4042.81,0.100,10.0,1
2026-07-16 01:21:36,4042.39,4042.48,0.090,9.0,1
2026-07-16 01:21:41,4042.29,4042.34,0.050,5.0,1
2026-07-16 01:21:46,4042.12,4042.17,0.050,5.0,1
2026-07-16 01:21:51,4042.32,4042.44,0.120,12.0,1
2026-07-16 01:21:56,4042.00,4042.05,0.050,5.0,1
2026-07-16 01:22:01,4042.07,4042.12,0.050,5.0,1
2026-07-16 01:22:06,4041.80,4041.89,0.090,9.0,1
2026-07-16 01:22:11,4042.16,4042.28,0.120,12.0,1
2026-07-16 01:22:16,4042.59,4042.65,0.060,6.0,1
2026-07-16 01:22:21,4042.89,4042.97,0.080,8.0,1
2026-07-16 01:22:26,4043.45,4043.55,0.100,10.0,1
2026-07-16 01:22:31,4043.69,4043.81,0.120,12.0,1
2026-07-16 01:22:36,4043.66,4043.78,0.120,12.0,1
2026-07-16 01:22:41,4043.38,4043.44,0.060,6.0,1
2026-07-16 01:22:46,4043.12,4043.24,0.120,12.0,1
2026-07-16 01:22:51,4043.00,4043.06,0.060,6.0,1
2026-07-16 01:22:56,4042.51,4042.63,0.120,12.0,1
2026-07-16 01:23:01,4042.27,4042.39,0.120,12.0,1
2026-07-16 01:23:06,4041.77,4041.89,0.120,12.0,1
2026-07-16 01:23:11,4041.89,4042.01,0.120,12.0,1
2026-07-16 01:23:16,4041.68,4041.74,0.060,6.0,1
2026-07-16 01:23:21,4041.36,4041.41,0.050,5.0,1
2026-07-16 01:23:26,4040.26,4040.38,0.120,12.0,1
2026-07-16 01:23:31,4039.48,4039.57,0.090,9.0,1
2026-07-16 01:23:36,4039.66,4039.78,0.120,12.0,1
2026-07-16 01:23:41,4039.51,4039.63,0.120,12.0,1
2026-07-16 01:23:46,4039.37,4039.42,0.050,5.0,1
2026-07-16 01:23:51,4038.52,4038.64,0.120,12.0,1
2026-07-16 01:23:56,4038.43,4038.54,0.110,11.0,1
2026-07-16 01:24:01,4038.21,4038.33,0.120,12.0,1
2026-07-16 01:24:06,4038.31,4038.43,0.120,12.0,1
2026-07-16 01:24:11,4037.65,4037.70,0.050,5.0,1
2026-07-16 01:24:16,4036.28,4036.40,0.120,12.0,1
2026-07-16 01:24:21,4035.99,4036.11,0.120,12.0,1
2026-07-16 01:24:26,4035.89,4035.99,0.100,10.0,1
2026-07-16 01:24:31,4036.10,4036.15,0.050,5.0,1
2026-07-16 01:24:36,4036.63,4036.68,0.050,5.0,1
2026-07-16 01:24:41,4036.77,4036.82,0.050,5.0,1
2026-07-16 01:24:46,4036.88,4036.93,0.050,5.0,1
2026-07-16 01:24:51,4037.81,4037.91,0.100,10.0,1
2026-07-16 01:24:56,4038.02,4038.07,0.050,5.0,1
2026-07-16 01:25:01,4037.73,4037.79,0.060,6.0,1
2026-07-16 01:25:06,4037.99,4038.11,0.120,12.0,1
2026-07-16 01:25:11,4038.18,4038.23,0.050,5.0,1
2026-07-16 01:25:16,4038.16,4038.21,0.050,5.0,1
2026-07-16 01:25:21,4038.09,4038.21,0.120,12.0,1
2026-07-16 01:25:26,4037.38,4037.47,0.090,9.0,1
2026-07-16 01:25:31,4037.50,4037.61,0.110,11.0,1
2026-07-16 01:25:36,4037.58,4037.63,0.050,5.0,1
2026-07-16 01:25:41,4038.32,4038.44,0.120,12.0,1
2026-07-16 01:25:46,4038.72,4038.81,0.090,9.0,1
2026-07-16 01:25:51,4038.61,4038.67,0.060,6.0,1
2026-07-16 01:25:56,4038.12,4038.24,0.120,12.0,1
2026-07-16 01:26:01,4038.37,4038.49,0.120,12.0,1
2026-07-16 01:26:06,4038.05,4038.14,0.090,9.0,1
2026-07-16 01:26:11,4037.40,4037.48,0.080,8.0,1
2026-07-16 01:26:16,4037.09,4037.14,0.050,5.0,1
2026-07-16 01:26:21,4036.91,4037.03,0.120,12.0,1
2026-07-16 01:26:26,4036.62,4036.74,0.120,12.0,1
2026-07-16 01:26:31,4036.30,4036.42,0.120,12.0,1
2026-07-16 01:26:36,4036.82,4036.92,0.100,10.0,1
2026-07-16 01:26:41,4037.10,4037.18,0.080,8.0,1
2026-07-16 01:26:46,4036.89,4037.01,0.120,12.0,1
2026-07-16 01:26:51,4037.03,4037.08,0.050,5.0,1
2026-07-16 01:26:56,4037.42,4037.54,0.120,12.0,1
2026-07-16 01:27:01,4037.75,4037.87,0.120,12.0,1
2026-07-16 01:27:06,4037.83,4037.88,0.050,5.0,1
2026-07-16 01:27:11,4037.40,4037.46,0.060,6.0,1
2026-07-16 01:27:16,4037.61,4037.66,0.050,5.0,1
2026-07-16 01:27:21,4037.65,4037.71,0.060,6.0,1
2026-07-16 01:27:26,4037.28,4037.33,0.050,5.0,1
2026-07-16 01:27:31,4037.46,4037.54,0.080,8.0,1
2026-07-16 01:27:36,4037.14,4037.20,0.060,6.0,1
2026-07-16 01:27:41,4036.85,4036.90,0.050,5.0,1
2026-07-16 01:27:46,4036.94,4037.02,0.080,8.0,1
2026-07-16 01:27:51,4036.01,4036.13,0.120,12.0,1
2026-07-16 01:27:56,4036.18,4036.30,0.120,12.0,1
2026-07-16 01:28:01,4036.41,4036.46,0.050,5.0,1
2026-07-16 01:28:06,4035.64,4035.76,0.120,12.0,1
2026-07-16 01:28:11,4035.61,4035.66,0.050,5.0,1
2026-07-16 01:28:16,4034.55,4034.67,0.120,12.0,1
2026-07-16 01:28:21,4034.85,4034.97,0.120,12.0,1
2026-07-16 01:28:26,4035.25,4035.37,0.120,12.0,1
2026-07-16 01:28:31,4035.75,4035.84,0.090,9.0,1
2026-07-16 01:28:36,4035.96,4036.01,0.050,5.0,1
2026-07-16 01:28:41,4035.50,4035.60,0.100,10.0,1
2026-07-16 01:28:46,4035.52,4035.57,0.050,5.0,1
2026-07-16 01:28:51,4035.91,4035.96,0.050,5.0,1
2026-07-16 01:28:56,4036.03,4036.15,0.120,12.0,1
2026-07-16 01:29:01,4036.07,4036.12,0.050,5.0,1
2026-07-16 01:29:06,4036.47,4036.56,0.090,9.0,1
2026-07-16 01:29:11,4037.15,4037.27,0.120,12.0,1
2026-07-16 01:29:16,4037.20,4037.32,0.120,12.0,1
2026-07-16 01:29:21,4037.11,4037.23,0.120,12.0,1
2026-07-16 01:29:26,4037.63,4037.75,0.120,12.0,1
2026-07-16 01:29:31,4037.65,4037.70,0.050,5.0,1
2026-07-16 01:29:36,4037.00,4037.11,0.110,11.0,1
2026-07-16 01:29:41,4037.30,4037.35,0.050,5.0,1
2026-07-16 01:29:46,4037.15,4037.22,0.070,7.0,1
2026-07-16 01:29:51,4036.57,4036.63,0.060,6.0,1
2026-07-16 01:29:56,4036.10,4036.18,0.080,8.0,1
2026-07-16 01:30:01,4036.66,4036.78,0.120,12.0,1
2026-07-16 01:30:06,4038.86,4038.98,0.120,12.0,1
2026-07-16 01:30:11,4038.69,4038.81,0.120,12.0,1
2026-07-16 01:30:16,4038.71,4038.83,0.120,12.0,1
2026-07-16 01:30:21,4038.92,4039.04,0.120,12.0,1
2026-07-16 01:30:26,4038.68,4038.77,0.090,9.0,1
2026-07-16 01:30:31,4038.77,4038.89,0.120,12.0,1
2026-07-16 01:30:36,4039.09,4039.18,0.090,9.0,1
2026-07-16 01:30:41,4038.71,4038.78,0.070,7.0,1
2026-07-16 01:30:46,4038.75,4038.83,0.080,8.0,1
2026-07-16 01:30:51,4038.72,4038.79,0.070,7.0,1
2026-07-16 01:30:56,4039.03,4039.12,0.090,9.0,1
2026-07-16 01:31:01,4038.72,4038.81,0.090,9.0,1
2026-07-16 01:31:06,4039.41,4039.53,0.120,12.0,1
2026-07-16 01:31:11,4040.25,4040.37,0.120,12.0,1
2026-07-16 01:31:16,4040.31,4040.41,0.100,10.0,1
2026-07-16 01:31:21,4039.92,4040.00,0.080,8.0,1
2026-07-16 01:31:26,4041.16,4041.28,0.120,12.0,1
2026-07-16 01:31:31,4041.12,4041.24,0.120,12.0,1
2026-07-16 01:31:36,4041.38,4041.47,0.090,9.0,1
2026-07-16 01:31:41,4041.33,4041.39,0.060,6.0,1
2026-07-16 01:31:46,4041.42,4041.47,0.050,5.0,1
2026-07-16 01:31:51,4040.84,4040.89,0.050,5.0,1
2026-07-16 01:31:56,4040.75,4040.80,0.050,5.0,1
2026-07-16 01:32:01,4040.42,4040.47,0.050,5.0,1
2026-07-16 01:32:06,4040.56,4040.65,0.090,9.0,1
2026-07-16 01:32:11,4040.41,4040.53,0.120,12.0,1
2026-07-16 01:32:16,4040.44,4040.56,0.120,12.0,1
2026-07-16 01:32:21,4040.16,4040.25,0.090,9.0,1
2026-07-16 01:32:26,4040.53,4040.61,0.080,8.0,1
2026-07-16 01:32:31,4040.15,4040.20,0.050,5.0,1
2026-07-16 01:32:36,4040.16,4040.21,0.050,5.0,1
2026-07-16 01:32:41,4040.24,4040.30,0.060,6.0,1
2026-07-16 01:32:46,4040.36,4040.44,0.080,8.0,1
2026-07-16 01:32:51,4040.76,4040.88,0.120,12.0,1
2026-07-16 01:32:56,4040.83,4040.95,0.120,12.0,1
2026-07-16 01:33:01,4040.13,4040.25,0.120,12.0,1
2026-07-16 01:33:06,4040.14,4040.20,0.060,6.0,1
2026-07-16 01:33:11,4040.14,4040.19,0.050,5.0,1
2026-07-16 01:33:16,4040.13,4040.22,0.090,9.0,1
2026-07-16 01:33:21,4039.48,4039.56,0.080,8.0,1
2026-07-16 01:33:26,4039.31,4039.43,0.120,12.0,1
2026-07-16 01:33:31,4039.45,4039.53,0.080,8.0,1
2026-07-16 01:33:36,4039.65,4039.76,0.110,11.0,1
2026-07-16 01:33:41,4039.39,4039.51,0.120,12.0,1
2026-07-16 01:33:46,4039.46,4039.52,0.060,6.0,1
2026-07-16 01:33:51,4039.54,4039.59,0.050,5.0,1
2026-07-16 01:33:56,4039.59,4039.64,0.050,5.0,1
2026-07-16 01:34:01,4039.22,4039.27,0.050,5.0,1
2026-07-16 01:34:06,4038.99,4039.06,0.070,7.0,1
2026-07-16 01:34:11,4038.95,4039.00,0.050,5.0,1
2026-07-16 01:34:16,4038.93,4039.05,0.120,12.0,1
2026-07-16 01:34:21,4039.28,4039.39,0.110,11.0,1
2026-07-16 01:34:26,4039.30,4039.37,0.070,7.0,1
2026-07-16 01:34:31,4039.54,4039.59,0.050,5.0,1
2026-07-16 01:34:36,4040.51,4040.63,0.120,12.0,1
2026-07-16 01:34:41,4040.46,4040.58,0.120,12.0,1
2026-07-16 01:34:46,4040.43,4040.55,0.120,12.0,1
2026-07-16 01:34:51,4040.44,4040.56,0.120,12.0,1
2026-07-16 01:34:56,4041.45,4041.57,0.120,12.0,1
2026-07-16 01:35:01,4041.44,4041.55,0.110,11.0,1
2026-07-16 01:35:06,4042.02,4042.14,0.120,12.0,1
2026-07-16 01:35:11,4042.21,4042.33,0.120,12.0,1
2026-07-16 01:35:16,4042.98,4043.10,0.120,12.0,1
2026-07-16 01:35:21,4043.23,4043.32,0.090,9.0,1
2026-07-16 01:35:26,4043.08,4043.13,0.050,5.0,1
2026-07-16 01:35:31,4042.94,4042.99,0.050,5.0,1
2026-07-16 01:35:36,4042.97,4043.09,0.120,12.0,1
2026-07-16 01:35:41,4043.35,4043.40,0.050,5.0,1
2026-07-16 01:35:46,4043.42,4043.48,0.060,6.0,1
2026-07-16 01:35:51,4042.64,4042.69,0.050,5.0,1
2026-07-16 01:35:56,4042.70,4042.76,0.060,6.0,1
2026-07-16 01:36:01,4042.31,4042.43,0.120,12.0,1
2026-07-16 01:36:06,4042.58,4042.70,0.120,12.0,1
2026-07-16 01:36:11,4043.03,4043.15,0.120,12.0,1
2026-07-16 01:36:16,4043.46,4043.58,0.120,12.0,1
2026-07-16 01:36:21,4043.02,4043.14,0.120,12.0,1
2026-07-16 01:36:26,4042.87,4042.93,0.060,6.0,1
2026-07-16 01:36:31,4042.86,4042.91,0.050,5.0,1
2026-07-16 01:36:36,4042.84,4042.89,0.050,5.0,1
2026-07-16 01:36:41,4042.45,4042.50,0.050,5.0,1
2026-07-16 01:36:46,4042.47,4042.52,0.050,5.0,1
2026-07-16 01:36:51,4042.39,4042.44,0.050,5.0,1
2026-07-16 01:36:56,4042.33,4042.39,0.060,6.0,1
2026-07-16 01:37:01,4042.35,4042.41,0.060,6.0,1
2026-07-16 01:37:06,4041.65,4041.76,0.110,11.0,1
2026-07-16 01:37:11,4041.19,4041.31,0.120,12.0,1
2026-07-16 01:37:16,4041.01,4041.11,0.100,10.0,1
2026-07-16 01:37:21,4040.94,4041.05,0.110,11.0,1
2026-07-16 01:37:26,4041.10,4041.15,0.050,5.0,1
2026-07-16 01:37:31,4041.53,4041.65,0.120,12.0,1
2026-07-16 01:37:36,4041.38,4041.49,0.110,11.0,1
2026-07-16 01:37:41,4040.66,4040.76,0.100,10.0,1
2026-07-16 01:37:46,4041.26,4041.38,0.120,12.0,1
2026-07-16 01:37:51,4041.45,4041.57,0.120,12.0,1
2026-07-16 01:37:56,4042.17,4042.29,0.120,12.0,1
2026-07-16 01:38:01,4042.61,4042.69,0.080,8.0,1
2026-07-16 01:38:06,4042.27,4042.39,0.120,12.0,1
2026-07-16 01:38:11,4042.85,4042.92,0.070,7.0,1
2026-07-16 01:38:16,4042.93,4042.98,0.050,5.0,1
2026-07-16 01:38:21,4042.83,4042.89,0.060,6.0,1
2026-07-16 01:38:26,4042.55,4042.61,0.060,6.0,1
2026-07-16 01:38:31,4041.75,4041.82,0.070,7.0,1
2026-07-16 01:38:36,4041.90,4041.99,0.090,9.0,1
2026-07-16 01:38:41,4041.56,4041.68,0.120,12.0,1
2026-07-16 01:38:46,4042.10,4042.22,0.120,12.0,1
2026-07-16 01:38:51,4042.01,4042.13,0.120,12.0,1
2026-07-16 01:38:56,4041.94,4042.01,0.070,7.0,1
2026-07-16 01:39:01,4042.07,4042.12,0.050,5.0,1
2026-07-16 01:39:06,4042.93,4043.05,0.120,12.0,1
2026-07-16 01:39:11,4043.74,4043.86,0.120,12.0,1
2026-07-16 01:39:16,4043.90,4044.02,0.120,12.0,1
2026-07-16 01:39:21,4044.04,4044.14,0.100,10.0,1
2026-07-16 01:39:26,4044.57,4044.69,0.120,12.0,1
2026-07-16 01:39:31,4044.34,4044.46,0.120,12.0,1
2026-07-16 01:39:36,4044.40,4044.49,0.090,9.0,1
2026-07-16 01:39:41,4044.44,4044.54,0.100,10.0,1
2026-07-16 01:39:46,4044.59,4044.67,0.080,8.0,1
2026-07-16 01:39:51,4044.56,4044.61,0.050,5.0,1
2026-07-16 01:39:56,4044.52,4044.57,0.050,5.0,1
2026-07-16 01:40:01,4044.23,4044.29,0.060,6.0,1
2026-07-16 01:40:06,4044.58,4044.67,0.090,9.0,1
2026-07-16 01:40:11,4044.86,4044.98,0.120,12.0,1
2026-07-16 01:40:16,4045.30,4045.35,0.050,5.0,1
2026-07-16 01:40:21,4044.94,4045.05,0.110,11.0,1
2026-07-16 01:40:26,4045.33,4045.45,0.120,12.0,1
2026-07-16 01:40:31,4045.56,4045.67,0.110,11.0,1
2026-07-16 01:40:36,4044.69,4044.81,0.120,12.0,1
2026-07-16 01:40:41,4044.54,4044.66,0.120,12.0,1
2026-07-16 01:40:46,4044.03,4044.11,0.080,8.0,1
2026-07-16 01:40:51,4044.33,4044.39,0.060,6.0,1
2026-07-16 01:40:56,4044.31,4044.42,0.110,11.0,1
2026-07-16 01:41:01,4043.80,4043.87,0.070,7.0,1
2026-07-16 01:41:06,4043.99,4044.11,0.120,12.0,1
2026-07-16 01:41:11,4045.24,4045.36,0.120,12.0,1
2026-07-16 01:41:16,4045.55,4045.67,0.120,12.0,1
2026-07-16 01:41:21,4045.95,4046.07,0.120,12.0,1
2026-07-16 01:41:26,4044.92,4045.04,0.120,12.0,1
2026-07-16 01:41:31,4045.03,4045.14,0.110,11.0,1
2026-07-16 01:41:36,4045.32,4045.37,0.050,5.0,1
2026-07-16 01:41:41,4044.08,4044.20,0.120,12.0,1
2026-07-16 01:41:46,4044.16,4044.28,0.120,12.0,1
2026-07-16 01:41:51,4044.49,4044.61,0.120,12.0,1
2026-07-16 01:41:56,4044.61,4044.67,0.060,6.0,1
2026-07-16 01:42:01,4045.02,4045.07,0.050,5.0,1
2026-07-16 01:42:06,4044.68,4044.73,0.050,5.0,1
2026-07-16 01:42:11,4045.11,4045.23,0.120,12.0,1
2026-07-16 01:42:16,4044.59,4044.69,0.100,10.0,1
2026-07-16 01:42:21,4044.59,4044.65,0.060,6.0,1
2026-07-16 01:42:26,4043.27,4043.32,0.050,5.0,1
2026-07-16 01:42:31,4043.42,4043.54,0.120,12.0,1
2026-07-16 01:42:36,4043.29,4043.34,0.050,5.0,1
2026-07-16 01:42:41,4043.01,4043.06,0.050,5.0,1
2026-07-16 01:42:46,4042.83,4042.88,0.050,5.0,1
2026-07-16 01:42:51,4042.31,4042.36,0.050,5.0,1
2026-07-16 01:42:56,4042.27,4042.39,0.120,12.0,1
2026-07-16 01:43:01,4043.34,4043.46,0.120,12.0,1
2026-07-16 01:43:06,4043.62,4043.70,0.080,8.0,1
2026-07-16 01:43:11,4043.87,4043.94,0.070,7.0,1
2026-07-16 01:43:16,4043.94,4043.99,0.050,5.0,1
2026-07-16 01:43:21,4043.00,4043.12,0.120,12.0,1
2026-07-16 01:43:26,4043.24,4043.36,0.120,12.0,1
2026-07-16 01:43:31,4043.37,4043.49,0.120,12.0,1
2026-07-16 01:43:36,4043.29,4043.36,0.070,7.0,1
2026-07-16 01:43:41,4042.81,4042.86,0.050,5.0,1
2026-07-16 01:43:46,4042.06,4042.14,0.080,8.0,1
2026-07-16 01:43:51,4041.87,4041.99,0.120,12.0,1
2026-07-16 01:43:56,4041.60,4041.65,0.050,5.0,1
2026-07-16 01:44:01,4041.35,4041.40,0.050,5.0,1
2026-07-16 01:44:06,4041.40,4041.45,0.050,5.0,1
2026-07-16 01:44:11,4041.49,4041.54,0.050,5.0,1
2026-07-16 01:44:16,4041.32,4041.44,0.120,12.0,1
2026-07-16 01:44:21,4041.49,4041.54,0.050,5.0,1
2026-07-16 01:44:26,4041.57,4041.62,0.050,5.0,1
2026-07-16 01:44:31,4041.64,4041.70,0.060,6.0,1
2026-07-16 01:44:36,4041.84,4041.89,0.050,5.0,1
2026-07-16 01:44:41,4041.71,4041.77,0.060,6.0,1
2026-07-16 01:44:46,4041.95,4042.02,0.070,7.0,1
2026-07-16 01:44:51,4041.73,4041.81,0.080,8.0,1
2026-07-16 01:44:56,4041.62,4041.69,0.070,7.0,1
2026-07-16 01:45:01,4042.16,4042.26,0.100,10.0,1
2026-07-16 01:45:06,4042.25,4042.35,0.100,10.0,1
2026-07-16 01:45:11,4041.96,4042.06,0.100,10.0,1
2026-07-16 01:45:16,4041.94,4042.06,0.120,12.0,1
2026-07-16 01:45:21,4041.54,4041.65,0.110,11.0,1
2026-07-16 01:45:26,4041.51,4041.63,0.120,12.0,1
2026-07-16 01:45:31,4041.60,4041.70,0.100,10.0,1
2026-07-16 01:45:36,4041.91,4042.01,0.100,10.0,1
2026-07-16 01:45:41,4041.71,4041.78,0.070,7.0,1
2026-07-16 01:45:46,4042.10,4042.19,0.090,9.0,1
2026-07-16 01:45:51,4041.85,4041.94,0.090,9.0,1
2026-07-16 01:45:56,4041.86,4041.96,0.100,10.0,1
2026-07-16 01:46:01,4041.22,4041.33,0.110,11.0,1
2026-07-16 01:46:06,4040.34,4040.46,0.120,12.0,1
2026-07-16 01:46:11,4040.04,4040.16,0.120,12.0,1
2026-07-16 01:46:16,4041.32,4041.44,0.120,12.0,1
2026-07-16 01:46:21,4041.28,4041.40,0.120,12.0,1
2026-07-16 01:46:26,4041.34,4041.44,0.100,10.0,1
2026-07-16 01:46:31,4041.75,4041.83,0.080,8.0,1
2026-07-16 01:46:36,4041.77,4041.83,0.060,6.0,1
2026-07-16 01:46:41,4042.16,4042.25,0.090,9.0,1
2026-07-16 01:46:46,4041.98,4042.05,0.070,7.0,1
2026-07-16 01:46:51,4042.13,4042.18,0.050,5.0,1
2026-07-16 01:46:56,4042.39,4042.44,0.050,5.0,1
2026-07-16 01:47:01,4042.44,4042.49,0.050,5.0,1
2026-07-16 01:47:06,4042.40,4042.45,0.050,5.0,1
2026-07-16 01:47:11,4042.34,4042.39,0.050,5.0,1
2026-07-16 01:47:16,4042.47,4042.52,0.050,5.0,1
2026-07-16 01:47:21,4042.17,4042.26,0.090,9.0,1
2026-07-16 01:47:26,4041.94,4042.03,0.090,9.0,1
2026-07-16 01:47:31,4041.85,4041.91,0.060,6.0,1
2026-07-16 01:47:36,4041.75,4041.81,0.060,6.0,1
2026-07-16 01:47:41,4041.76,4041.81,0.050,5.0,1
2026-07-16 01:47:46,4041.62,4041.67,0.050,5.0,1
2026-07-16 01:47:51,4041.80,4041.88,0.080,8.0,1
2026-07-16 01:47:56,4042.79,4042.91,0.120,12.0,1
2026-07-16 01:48:01,4042.36,4042.48,0.120,12.0,1
2026-07-16 01:48:06,4042.93,4043.05,0.120,12.0,1
2026-07-16 01:48:11,4043.51,4043.62,0.110,11.0,1
2026-07-16 01:48:16,4043.18,4043.30,0.120,12.0,1
2026-07-16 01:48:21,4043.26,4043.36,0.100,10.0,1
2026-07-16 01:48:26,4043.43,4043.50,0.070,7.0,1
2026-07-16 01:48:31,4043.25,4043.30,0.050,5.0,1
2026-07-16 01:48:36,4043.20,4043.25,0.050,5.0,1
2026-07-16 01:48:41,4043.07,4043.14,0.070,7.0,1
2026-07-16 01:48:46,4043.28,4043.34,0.060,6.0,1
2026-07-16 01:48:51,4043.25,4043.30,0.050,5.0,1
2026-07-16 01:48:56,4043.61,4043.73,0.120,12.0,1
2026-07-16 01:49:01,4043.27,4043.37,0.100,10.0,1
2026-07-16 01:49:06,4043.17,4043.27,0.100,10.0,1
2026-07-16 01:49:11,4043.07,4043.17,0.100,10.0,1
2026-07-16 01:49:16,4042.51,4042.59,0.080,8.0,1
2026-07-16 01:49:21,4041.88,4042.00,0.120,12.0,1
2026-07-16 01:49:26,4041.44,4041.49,0.050,5.0,1
2026-07-16 01:49:31,4041.15,4041.23,0.080,8.0,1
2026-07-16 01:49:36,4041.19,4041.31,0.120,12.0,1
2026-07-16 01:49:41,4041.83,4041.95,0.120,12.0,1
2026-07-16 01:49:46,4041.91,4042.02,0.110,11.0,1
2026-07-16 01:49:51,4041.86,4041.92,0.060,6.0,1
2026-07-16 01:49:56,4041.58,4041.63,0.050,5.0,1
2026-07-16 01:50:01,4041.10,4041.15,0.050,5.0,1
2026-07-16 01:50:06,4039.89,4039.99,0.100,10.0,1
2026-07-16 01:50:11,4040.34,4040.46,0.120,12.0,1
2026-07-16 01:50:16,4039.70,4039.82,0.120,12.0,1
2026-07-16 01:50:21,4039.57,4039.69,0.120,12.0,1
2026-07-16 01:50:26,4039.80,4039.91,0.110,11.0,1
2026-07-16 01:50:31,4040.36,4040.46,0.100,10.0,1
2026-07-16 01:50:36,4039.59,4039.71,0.120,12.0,1
2026-07-16 01:50:41,4040.04,4040.16,0.120,12.0,1
2026-07-16 01:50:46,4040.12,4040.22,0.100,10.0,1
2026-07-16 01:50:51,4040.24,4040.29,0.050,5.0,1
2026-07-16 01:50:56,4040.26,4040.31,0.050,5.0,1
2026-07-16 01:51:01,4040.36,4040.41,0.050,5.0,1
2026-07-16 01:51:06,4041.02,4041.09,0.070,7.0,1
2026-07-16 01:51:11,4040.71,4040.83,0.120,12.0,1
2026-07-16 01:51:16,4040.56,4040.65,0.090,9.0,1
2026-07-16 01:51:21,4040.73,4040.81,0.080,8.0,1
2026-07-16 01:51:26,4040.25,4040.37,0.120,12.0,1
2026-07-16 01:51:31,4040.57,4040.66,0.090,9.0,1
2026-07-16 01:51:36,4041.10,4041.15,0.050,5.0,1
2026-07-16 01:51:41,4040.63,4040.73,0.100,10.0,1
2026-07-16 01:51:46,4040.15,4040.26,0.110,11.0,1
2026-07-16 01:51:51,4040.28,4040.34,0.060,6.0,1
2026-07-16 01:51:56,4039.69,4039.80,0.110,11.0,1
2026-07-16 01:52:01,4039.54,4039.62,0.080,8.0,1
2026-07-16 01:52:06,4039.56,4039.68,0.120,12.0,1
2026-07-16 01:52:11,4039.93,4040.03,0.100,10.0,1
2026-07-16 01:52:16,4039.59,4039.66,0.070,7.0,1
2026-07-16 01:52:21,4039.92,4040.04,0.120,12.0,1
2026-07-16 01:52:26,4040.11,4040.22,0.110,11.0,1
2026-07-16 01:52:31,4039.37,4039.44,0.070,7.0,1
2026-07-16 01:52:36,4039.48,4039.53,0.050,5.0,1
2026-07-16 01:52:41,4039.61,4039.66,0.050,5.0,1
2026-07-16 01:52:46,4040.06,4040.11,0.050,5.0,1
2026-07-16 01:52:51,4039.41,4039.53,0.120,12.0,1
2026-07-16 01:52:56,4038.92,4039.04,0.120,12.0,1
2026-07-16 01:53:01,4039.02,4039.14,0.120,12.0,1
2026-07-16 01:53:06,4039.14,4039.26,0.120,12.0,1
2026-07-16 01:53:11,4038.92,4039.04,0.120,12.0,1
2026-07-16 01:53:16,4038.54,4038.65,0.110,11.0,1
2026-07-16 01:53:21,4037.49,4037.61,0.120,12.0,1
2026-07-16 01:53:26,4038.42,4038.54,0.120,12.0,1
2026-07-16 01:53:31,4037.99,4038.11,0.120,12.0,1
2026-07-16 01:53:36,4038.40,4038.49,0.090,9.0,1
2026-07-16 01:53:41,4038.60,4038.65,0.050,5.0,1
2026-07-16 01:53:46,4038.34,4038.42,0.080,8.0,1
2026-07-16 01:53:51,4038.47,4038.52,0.050,5.0,1
2026-07-16 01:53:56,4038.69,4038.77,0.080,8.0,1
2026-07-16 01:54:01,4039.08,4039.13,0.050,5.0,1
2026-07-16 01:54:06,4039.08,4039.13,0.050,5.0,1
2026-07-16 01:54:11,4038.99,4039.04,0.050,5.0,1
2026-07-16 01:54:16,4039.82,4039.94,0.120,12.0,1
2026-07-16 01:54:21,4039.98,4040.10,0.120,12.0,1
2026-07-16 01:54:26,4038.65,4038.77,0.120,12.0,1
2026-07-16 01:54:31,4038.73,4038.85,0.120,12.0,1
2026-07-16 01:54:36,4038.33,4038.45,0.120,12.0,1
2026-07-16 01:54:41,4038.55,4038.62,0.070,7.0,1
2026-07-16 01:54:46,4038.71,4038.76,0.050,5.0,1
2026-07-16 01:54:51,4038.24,4038.32,0.080,8.0,1
2026-07-16 01:54:56,4038.23,4038.28,0.050,5.0,1
2026-07-16 01:55:01,4038.82,4038.91,0.090,9.0,1
2026-07-16 01:55:06,4038.84,4038.89,0.050,5.0,1
2026-07-16 01:55:11,4038.94,4038.99,0.050,5.0,1
2026-07-16 01:55:16,4038.98,4039.03,0.050,5.0,1
2026-07-16 01:55:21,4039.22,4039.34,0.120,12.0,1
2026-07-16 01:55:26,4039.58,4039.64,0.060,6.0,1
2026-07-16 01:55:31,4039.56,4039.61,0.050,5.0,1
2026-07-16 01:55:36,4039.54,4039.65,0.110,11.0,1
2026-07-16 01:55:41,4039.48,4039.57,0.090,9.0,1
2026-07-16 01:55:46,4039.60,4039.66,0.060,6.0,1
2026-07-16 01:55:51,4040.08,4040.19,0.110,11.0,1
2026-07-16 01:55:56,4039.86,4039.92,0.060,6.0,1
2026-07-16 01:56:01,4040.10,4040.18,0.080,8.0,1
2026-07-16 01:56:06,4040.18,4040.25,0.070,7.0,1
2026-07-16 01:56:11,4040.54,4040.63,0.090,9.0,1
2026-07-16 01:56:16,4040.28,4040.38,0.100,10.0,1
2026-07-16 01:56:21,4040.54,4040.65,0.110,11.0,1
2026-07-16 01:56:26,4040.55,4040.65,0.100,10.0,1
2026-07-16 01:56:31,4040.45,4040.53,0.080,8.0,1
2026-07-16 01:56:36,4040.29,4040.39,0.100,10.0,1
2026-07-16 01:56:41,4040.32,4040.44,0.120,12.0,1
2026-07-16 01:56:46,4040.79,4040.91,0.120,12.0,1
2026-07-16 01:56:51,4040.77,4040.88,0.110,11.0,1
2026-07-16 01:56:56,4040.89,4040.98,0.090,9.0,1
2026-07-16 01:57:01,4040.88,4040.97,0.090,9.0,1
2026-07-16 01:57:06,4040.62,4040.74,0.120,12.0,1
2026-07-16 01:57:11,4040.25,4040.35,0.100,10.0,1
2026-07-16 01:57:16,4040.09,4040.17,0.080,8.0,1
2026-07-16 01:57:21,4039.76,4039.85,0.090,9.0,1
2026-07-16 01:57:26,4039.52,4039.63,0.110,11.0,1
2026-07-16 01:57:31,4039.79,4039.90,0.110,11.0,1
2026-07-16 01:57:36,4039.44,4039.54,0.100,10.0,1
2026-07-16 01:57:41,4039.40,4039.47,0.070,7.0,1
2026-07-16 01:57:46,4039.32,4039.40,0.080,8.0,1
2026-07-16 01:57:51,4039.33,4039.42,0.090,9.0,1
2026-07-16 01:57:56,4039.51,4039.63,0.120,12.0,1
2026-07-16 01:58:01,4039.26,4039.38,0.120,12.0,1
2026-07-16 01:58:06,4039.11,4039.21,0.100,10.0,1
2026-07-16 01:58:11,4039.00,4039.12,0.120,12.0,1
2026-07-16 01:58:16,4038.78,4038.89,0.110,11.0,1
2026-07-16 01:58:21,4038.84,4038.96,0.120,12.0,1
2026-07-16 01:58:26,4038.49,4038.61,0.120,12.0,1
2026-07-16 01:58:31,4038.89,4039.01,0.120,12.0,1
2026-07-16 01:58:36,4038.92,4039.02,0.100,10.0,1
2026-07-16 01:58:41,4039.13,4039.21,0.080,8.0,1
2026-07-16 01:58:46,4038.92,4038.98,0.060,6.0,1
2026-07-16 01:58:51,4038.56,4038.62,0.060,6.0,1
2026-07-16 01:58:56,4039.56,4039.68,0.120,12.0,1
2026-07-16 01:59:01,4039.26,4039.38,0.120,12.0,1
2026-07-16 01:59:06,4039.17,4039.29,0.120,12.0,1
2026-07-16 01:59:11,4039.16,4039.25,0.090,9.0,1
2026-07-16 01:59:16,4039.18,4039.25,0.070,7.0,1
2026-07-16 01:59:21,4038.92,4039.01,0.090,9.0,1
2026-07-16 01:59:26,4038.45,4038.55,0.100,10.0,1
2026-07-16 01:59:31,4038.82,4038.92,0.100,10.0,1
2026-07-16 01:59:36,4038.70,4038.78,0.080,8.0,1
2026-07-16 01:59:41,4038.71,4038.76,0.050,5.0,1
2026-07-16 01:59:46,4038.58,4038.63,0.050,5.0,1
2026-07-16 01:59:51,4039.02,4039.11,0.090,9.0,1
2026-07-16 01:59:56,4039.01,4039.11,0.100,10.0,1
2026-07-16 02:00:01,4039.27,4039.39,0.120,12.0,1
2026-07-16 02:00:06,4039.27,4039.39,0.120,12.0,1
2026-07-16 02:00:11,4038.91,4039.03,0.120,12.0,1
2026-07-16 02:00:16,4038.94,4039.02,0.080,8.0,1
2026-07-16 02:00:21,4039.12,4039.22,0.100,10.0,1
2026-07-16 02:00:26,4038.95,4039.00,0.050,5.0,1
2026-07-16 02:00:31,4038.27,4038.39,0.120,12.0,1
2026-07-16 02:00:36,4038.79,4038.91,0.120,12.0,1
2026-07-16 02:00:41,4038.46,4038.58,0.120,12.0,1
2026-07-16 02:00:46,4038.75,4038.87,0.120,12.0,1
2026-07-16 02:00:51,4039.18,4039.30,0.120,12.0,1
2026-07-16 02:00:56,4039.57,4039.65,0.080,8.0,1
2026-07-16 02:01:01,4039.53,4039.58,0.050,5.0,1
2026-07-16 02:01:06,4039.73,4039.78,0.050,5.0,1
2026-07-16 02:01:11,4039.87,4039.99,0.120,12.0,1
2026-07-16 02:01:16,4039.58,4039.69,0.110,11.0,1
2026-07-16 02:01:21,4038.82,4038.94,0.120,12.0,1
2026-07-16 02:01:26,4039.02,4039.14,0.120,12.0,1
2026-07-16 02:01:31,4039.03,4039.12,0.090,9.0,1
2026-07-16 02:01:36,4038.77,4038.85,0.080,8.0,1
2026-07-16 02:01:41,4038.70,4038.82,0.120,12.0,1
2026-07-16 02:01:46,4038.56,4038.67,0.110,11.0,1
2026-07-16 02:01:51,4038.79,4038.84,0.050,5.0,1
2026-07-16 02:01:56,4039.04,4039.09,0.050,5.0,1
2026-07-16 02:02:01,4039.22,4039.30,0.080,8.0,1
2026-07-16 02:02:06,4039.25,4039.37,0.120,12.0,1
2026-07-16 02:02:11,4039.10,4039.22,0.120,12.0,1
2026-07-16 02:02:16,4038.94,4039.05,0.110,11.0,1
2026-07-16 02:02:21,4038.69,4038.74,0.050,5.0,1
2026-07-16 02:02:26,4038.06,4038.12,0.060,6.0,1
2026-07-16 02:02:31,4038.05,4038.16,0.110,11.0,1
2026-07-16 02:02:36,4037.92,4038.04,0.120,12.0,1
2026-07-16 02:02:41,4036.90,4037.02,0.120,12.0,1
2026-07-16 02:02:46,4036.99,4037.11,0.120,12.0,1
2026-07-16 02:02:51,4037.04,4037.13,0.090,9.0,1
2026-07-16 02:02:56,4037.11,4037.18,0.070,7.0,1
2026-07-16 02:03:01,4037.23,4037.28,0.050,5.0,1
2026-07-16 02:03:06,4037.00,4037.11,0.110,11.0,1
2026-07-16 02:03:11,4036.91,4037.01,0.100,10.0,1
2026-07-16 02:03:16,4037.13,4037.18,0.050,5.0,1
2026-07-16 02:03:21,4037.47,4037.52,0.050,5.0,1
2026-07-16 02:03:26,4037.49,4037.54,0.050,5.0,1
2026-07-16 02:03:31,4037.73,4037.78,0.050,5.0,1
2026-07-16 02:03:36,4037.41,4037.47,0.060,6.0,1
2026-07-16 02:03:41,4036.90,4036.95,0.050,5.0,1
2026-07-16 02:03:46,4036.84,4036.89,0.050,5.0,1
2026-07-16 02:03:51,4036.92,4036.97,0.050,5.0,1
2026-07-16 02:03:56,4036.91,4036.96,0.050,5.0,1
2026-07-16 02:04:01,4037.12,4037.17,0.050,5.0,1
2026-07-16 02:04:06,4037.22,4037.32,0.100,10.0,1
2026-07-16 02:04:11,4037.63,4037.75,0.120,12.0,1
2026-07-16 02:04:16,4037.08,4037.20,0.120,12.0,1
2026-07-16 02:04:21,4037.07,4037.18,0.110,11.0,1
2026-07-16 02:04:26,4037.09,4037.17,0.080,8.0,1
2026-07-16 02:04:31,4037.12,4037.17,0.050,5.0,1
2026-07-16 02:04:36,4037.23,4037.28,0.050,5.0,1
2026-07-16 02:04:41,4037.02,4037.07,0.050,5.0,1
2026-07-16 02:04:46,4036.75,4036.80,0.050,5.0,1
2026-07-16 02:04:51,4037.05,4037.10,0.050,5.0,1
2026-07-16 02:04:56,4036.32,4036.41,0.090,9.0,1
2026-07-16 02:05:01,4036.19,4036.29,0.100,10.0,1
2026-07-16 02:05:06,4036.16,4036.28,0.120,12.0,1
2026-07-16 02:05:11,4036.58,4036.70,0.120,12.0,1
2026-07-16 02:05:16,4036.63,4036.74,0.110,11.0,1
2026-07-16 02:05:21,4036.44,4036.52,0.080,8.0,1
2026-07-16 02:05:26,4035.91,4036.00,0.090,9.0,1
2026-07-16 02:05:31,4035.90,4035.95,0.050,5.0,1
2026-07-16 02:05:36,4034.92,4035.04,0.120,12.0,1
2026-07-16 02:05:41,4034.55,4034.67,0.120,12.0,1
2026-07-16 02:05:46,4034.55,4034.67,0.120,12.0,1
2026-07-16 02:05:51,4034.71,4034.83,0.120,12.0,1
2026-07-16 02:05:56,4034.81,4034.91,0.100,10.0,1
2026-07-16 02:06:01,4034.75,4034.81,0.060,6.0,1
2026-07-16 02:06:06,4034.17,4034.24,0.070,7.0,1
2026-07-16 02:06:11,4034.16,4034.28,0.120,12.0,1
2026-07-16 02:06:16,4034.14,4034.19,0.050,5.0,1
2026-07-16 02:06:21,4034.26,4034.37,0.110,11.0,1
2026-07-16 02:06:26,4033.72,4033.84,0.120,12.0,1
2026-07-16 02:06:31,4034.11,4034.21,0.100,10.0,1
2026-07-16 02:06:36,4034.17,4034.22,0.050,5.0,1
2026-07-16 02:06:41,4034.70,4034.75,0.050,5.0,1
2026-07-16 02:06:46,4035.09,4035.20,0.110,11.0,1
2026-07-16 02:06:51,4035.07,4035.17,0.100,10.0,1
2026-07-16 02:06:56,4034.90,4035.02,0.120,12.0,1
2026-07-16 02:07:01,4035.25,4035.34,0.090,9.0,1
2026-07-16 02:07:06,4035.50,4035.62,0.120,12.0,1
2026-07-16 02:07:11,4034.95,4035.05,0.100,10.0,1
2026-07-16 02:07:16,4034.79,4034.91,0.120,12.0,1
2026-07-16 02:07:21,4034.73,4034.83,0.100,10.0,1
2026-07-16 02:07:26,4034.68,4034.75,0.070,7.0,1
2026-07-16 02:07:31,4034.53,4034.58,0.050,5.0,1
2026-07-16 02:07:36,4034.91,4035.03,0.120,12.0,1
2026-07-16 02:07:41,4034.40,4034.49,0.090,9.0,1
2026-07-16 02:07:46,4034.34,4034.42,0.080,8.0,1
2026-07-16 02:07:51,4034.26,4034.33,0.070,7.0,1
2026-07-16 02:07:56,4033.87,4033.97,0.100,10.0,1
2026-07-16 02:08:01,4034.75,4034.87,0.120,12.0,1
2026-07-16 02:08:06,4034.77,4034.86,0.090,9.0,1
2026-07-16 02:08:11,4035.07,4035.18,0.110,11.0,1
2026-07-16 02:08:16,4035.53,4035.65,0.120,12.0,1
2026-07-16 02:08:21,4036.14,4036.26,0.120,12.0,1
2026-07-16 02:08:26,4036.02,4036.10,0.080,8.0,1
2026-07-16 02:08:31,4035.09,4035.21,0.120,12.0,1
2026-07-16 02:08:36,4035.01,4035.13,0.120,12.0,1
2026-07-16 02:08:41,4035.81,4035.93,0.120,12.0,1
2026-07-16 02:08:46,4035.44,4035.56,0.120,12.0,1
2026-07-16 02:08:51,4035.59,4035.67,0.080,8.0,1
2026-07-16 02:08:56,4036.09,4036.14,0.050,5.0,1
2026-07-16 02:09:01,4035.85,4035.90,0.050,5.0,1
2026-07-16 02:09:06,4035.57,4035.63,0.060,6.0,1
2026-07-16 02:09:11,4035.61,4035.73,0.120,12.0,1
2026-07-16 02:09:16,4035.72,4035.84,0.120,12.0,1
2026-07-16 02:09:21,4035.83,4035.95,0.120,12.0,1
2026-07-16 02:09:26,4035.63,4035.69,0.060,6.0,1
2026-07-16 02:09:31,4035.45,4035.50,0.050,5.0,1
2026-07-16 02:09:36,4035.34,4035.40,0.060,6.0,1
2026-07-16 02:09:41,4034.73,4034.83,0.100,10.0,1
2026-07-16 02:09:46,4034.25,4034.37,0.120,12.0,1
2026-07-16 02:09:51,4033.56,4033.68,0.120,12.0,1
2026-07-16 02:09:56,4033.02,4033.14,0.120,12.0,1
2026-07-16 02:10:01,4033.07,4033.18,0.110,11.0,1
2026-07-16 02:10:06,4033.17,4033.29,0.120,12.0,1
2026-07-16 02:10:11,4033.47,4033.53,0.060,6.0,1
2026-07-16 02:10:16,4033.85,4033.97,0.120,12.0,1
2026-07-16 02:10:21,4033.71,4033.77,0.060,6.0,1
2026-07-16 02:10:26,4033.87,4033.92,0.050,5.0,1
2026-07-16 02:10:31,4033.81,4033.86,0.050,5.0,1
2026-07-16 02:10:36,4034.18,4034.25,0.070,7.0,1
2026-07-16 02:10:41,4034.03,4034.11,0.080,8.0,1
2026-07-16 02:10:46,4034.23,4034.33,0.100,10.0,1
2026-07-16 02:10:51,4034.32,4034.37,0.050,5.0,1
2026-07-16 02:10:56,4033.94,4034.01,0.070,7.0,1
2026-07-16 02:11:01,4034.19,4034.27,0.080,8.0,1
2026-07-16 02:11:06,4034.14,4034.19,0.050,5.0,1
2026-07-16 02:11:11,4033.84,4033.93,0.090,9.0,1
2026-07-16 02:11:16,4033.92,4034.03,0.110,11.0,1
2026-07-16 02:11:21,4034.08,4034.16,0.080,8.0,1
2026-07-16 02:11:26,4034.12,4034.23,0.110,11.0,1
2026-07-16 02:11:31,4033.85,4033.93,0.080,8.0,1
2026-07-16 02:11:36,4032.33,4032.45,0.120,12.0,1
2026-07-16 02:11:41,4033.26,4033.38,0.120,12.0,1
2026-07-16 02:11:46,4033.25,4033.37,0.120,12.0,1
2026-07-16 02:11:51,4033.29,4033.38,0.090,9.0,1
2026-07-16 02:11:56,4033.56,4033.61,0.050,5.0,1
2026-07-16 02:12:01,4033.56,4033.61,0.050,5.0,1
2026-07-16 02:12:06,4034.10,4034.15,0.050,5.0,1
2026-07-16 02:12:11,4035.07,4035.18,0.110,11.0,1
2026-07-16 02:12:16,4034.95,4035.07,0.120,12.0,1
2026-07-16 02:12:21,4034.41,4034.51,0.100,10.0,1
2026-07-16 02:12:26,4034.38,4034.50,0.120,12.0,1
2026-07-16 02:12:31,4034.80,4034.88,0.080,8.0,1
2026-07-16 02:12:36,4035.20,4035.25,0.050,5.0,1
2026-07-16 02:12:41,4034.60,4034.66,0.060,6.0,1
2026-07-16 02:12:46,4034.19,4034.24,0.050,5.0,1
2026-07-16 02:12:51,4034.17,4034.22,0.050,5.0,1
2026-07-16 02:12:56,4033.58,4033.70,0.120,12.0,1
2026-07-16 02:13:01,4033.23,4033.33,0.100,10.0,1
2026-07-16 02:13:06,4032.86,4032.95,0.090,9.0,1
2026-07-16 02:13:11,4032.94,4032.99,0.050,5.0,1
2026-07-16 02:13:16,4032.77,4032.88,0.110,11.0,1
2026-07-16 02:13:21,4032.58,4032.66,0.080,8.0,1
2026-07-16 02:13:26,4032.48,4032.53,0.050,5.0,1
2026-07-16 02:13:31,4032.35,4032.44,0.090,9.0,1
2026-07-16 02:13:36,4032.29,4032.41,0.120,12.0,1
2026-07-16 02:13:41,4032.41,4032.47,0.060,6.0,1
2026-07-16 02:13:46,4032.11,4032.16,0.050,5.0,1
2026-07-16 02:13:51,4031.96,4032.01,0.050,5.0,1
2026-07-16 02:13:56,4031.84,4031.89,0.050,5.0,1
2026-07-16 02:14:01,4031.84,4031.89,0.050,5.0,1
2026-07-16 02:14:06,4031.86,4031.91,0.050,5.0,1
2026-07-16 02:14:11,4031.33,4031.45,0.120,12.0,1
2026-07-16 02:14:16,4031.53,4031.59,0.060,6.0,1
2026-07-16 02:14:21,4031.44,4031.52,0.080,8.0,1
2026-07-16 02:14:26,4031.55,4031.65,0.100,10.0,1
2026-07-16 02:14:31,4032.29,4032.41,0.120,12.0,1
2026-07-16 02:14:36,4032.10,4032.22,0.120,12.0,1
2026-07-16 02:14:41,4031.83,4031.93,0.100,10.0,1
2026-07-16 02:14:46,4032.17,4032.29,0.120,12.0,1
2026-07-16 02:14:51,4032.35,4032.47,0.120,12.0,1
2026-07-16 02:14:56,4032.43,4032.52,0.090,9.0,1
2026-07-16 02:15:01,4032.67,4032.74,0.070,7.0,1
2026-07-16 02:15:06,4032.58,4032.64,0.060,6.0,1
2026-07-16 02:15:11,4032.44,4032.51,0.070,7.0,1
2026-07-16 02:15:16,4032.03,4032.15,0.120,12.0,1
2026-07-16 02:15:21,4032.11,4032.23,0.120,12.0,1
2026-07-16 02:15:26,4032.40,4032.52,0.120,12.0,1
2026-07-16 02:15:31,4032.56,4032.68,0.120,12.0,1
2026-07-16 02:15:36,4032.51,4032.60,0.090,9.0,1
2026-07-16 02:15:41,4032.14,4032.19,0.050,5.0,1
2026-07-16 02:15:46,4031.71,4031.83,0.120,12.0,1
2026-07-16 02:15:51,4031.93,4032.04,0.110,11.0,1
2026-07-16 02:15:56,4031.58,4031.69,0.110,11.0,1
2026-07-16 02:16:01,4031.39,4031.50,0.110,11.0,1
2026-07-16 02:16:06,4030.92,4031.04,0.120,12.0,1
2026-07-16 02:16:11,4030.40,4030.52,0.120,12.0,1
2026-07-16 02:16:16,4029.26,4029.38,0.120,12.0,1
2026-07-16 02:16:21,4029.67,4029.79,0.120,12.0,1
2026-07-16 02:16:26,4029.89,4030.01,0.120,12.0,1
2026-07-16 02:16:31,4029.96,4030.07,0.110,11.0,1
2026-07-16 02:16:36,4029.50,4029.59,0.090,9.0,1
2026-07-16 02:16:41,4029.40,4029.47,0.070,7.0,1
2026-07-16 02:16:46,4029.37,4029.42,0.050,5.0,1
2026-07-16 02:16:51,4029.74,4029.86,0.120,12.0,1
2026-07-16 02:16:56,4029.62,4029.74,0.120,12.0,1
2026-07-16 02:17:01,4030.07,4030.19,0.120,12.0,1
2026-07-16 02:17:06,4030.14,4030.26,0.120,12.0,1
2026-07-16 02:17:11,4029.97,4030.06,0.090,9.0,1
2026-07-16 02:17:16,4029.99,4030.07,0.080,8.0,1
2026-07-16 02:17:21,4029.95,4030.00,0.050,5.0,1
2026-07-16 02:17:26,4030.02,4030.07,0.050,5.0,1
2026-07-16 02:17:31,4030.42,4030.47,0.050,5.0,1
2026-07-16 02:17:36,4029.89,4030.01,0.120,12.0,1
2026-07-16 02:17:41,4030.85,4030.97,0.120,12.0,1
2026-07-16 02:17:46,4031.12,4031.24,0.120,12.0,1
2026-07-16 02:17:51,4031.63,4031.74,0.110,11.0,1
2026-07-16 02:17:56,4031.93,4031.98,0.050,5.0,1
2026-07-16 02:18:01,4032.47,4032.54,0.070,7.0,1
2026-07-16 02:18:06,4032.40,4032.50,0.100,10.0,1
2026-07-16 02:18:11,4032.79,4032.91,0.120,12.0,1
2026-07-16 02:18:16,4032.97,4033.06,0.090,9.0,1
2026-07-16 02:18:21,4032.97,4033.02,0.050,5.0,1
2026-07-16 02:18:26,4032.82,4032.87,0.050,5.0,1
2026-07-16 02:18:31,4032.94,4033.00,0.060,6.0,1
2026-07-16 02:18:36,4033.12,4033.17,0.050,5.0,1
2026-07-16 02:18:41,4032.76,4032.85,0.090,9.0,1
2026-07-16 02:18:46,4032.28,4032.33,0.050,5.0,1
2026-07-16 02:18:51,4032.49,4032.54,0.050,5.0,1
2026-07-16 02:18:56,4032.26,4032.32,0.060,6.0,1
2026-07-16 02:19:01,4032.38,4032.48,0.100,10.0,1
2026-07-16 02:19:06,4032.53,4032.65,0.120,12.0,1
2026-07-16 02:19:11,4032.41,4032.49,0.080,8.0,1
2026-07-16 02:19:16,4032.45,4032.54,0.090,9.0,1
2026-07-16 02:19:21,4032.41,4032.47,0.060,6.0,1
2026-07-16 02:19:26,4032.39,4032.46,0.070,7.0,1
2026-07-16 02:19:31,4032.55,4032.60,0.050,5.0,1
2026-07-16 02:19:36,4032.64,4032.70,0.060,6.0,1
2026-07-16 02:19:41,4032.58,4032.64,0.060,6.0,1
2026-07-16 02:19:46,4032.83,4032.95,0.120,12.0,1
2026-07-16 02:19:51,4033.18,4033.28,0.100,10.0,1
2026-07-16 02:19:56,4033.16,4033.26,0.100,10.0,1
2026-07-16 02:20:01,4032.87,4032.98,0.110,11.0,1
2026-07-16 02:20:06,4032.25,4032.37,0.120,12.0,1
2026-07-16 02:20:11,4032.42,4032.53,0.110,11.0,1
2026-07-16 02:20:16,4032.48,4032.59,0.110,11.0,1
2026-07-16 02:20:21,4032.14,4032.24,0.100,10.0,1
2026-07-16 02:20:26,4032.00,4032.08,0.080,8.0,1
2026-07-16 02:20:31,4031.89,4031.94,0.050,5.0,1
2026-07-16 02:20:36,4032.20,4032.29,0.090,9.0,1
2026-07-16 02:20:41,4031.98,4032.04,0.060,6.0,1
2026-07-16 02:20:46,4031.91,4032.03,0.120,12.0,1
2026-07-16 02:20:51,4032.15,4032.26,0.110,11.0,1
2026-07-16 02:20:56,4032.77,4032.89,0.120,12.0,1
2026-07-16 02:21:01,4032.37,4032.49,0.120,12.0,1
2026-07-16 02:21:06,4032.40,4032.52,0.120,12.0,1
2026-07-16 02:21:11,4032.57,4032.69,0.120,12.0,1
2026-07-16 02:21:16,4032.64,4032.73,0.090,9.0,1
2026-07-16 02:21:21,4032.45,4032.53,0.080,8.0,1
2026-07-16 02:21:26,4032.58,4032.66,0.080,8.0,1
2026-07-16 02:21:31,4032.60,4032.70,0.100,10.0,1
2026-07-16 02:21:36,4032.45,4032.53,0.080,8.0,1
2026-07-16 02:21:41,4032.74,4032.84,0.100,10.0,1
2026-07-16 02:21:46,4032.40,4032.52,0.120,12.0,1
2026-07-16 02:21:51,4032.68,4032.78,0.100,10.0,1
2026-07-16 02:21:56,4033.41,4033.53,0.120,12.0,1
2026-07-16 02:22:01,4033.22,4033.34,0.120,12.0,1
2026-07-16 02:22:06,4033.70,4033.79,0.090,9.0,1
2026-07-16 02:22:11,4033.41,4033.53,0.120,12.0,1
2026-07-16 02:22:16,4033.38,4033.45,0.070,7.0,1
2026-07-16 02:22:21,4033.55,4033.61,0.060,6.0,1
2026-07-16 02:22:26,4033.58,4033.70,0.120,12.0,1
2026-07-16 02:22:31,4034.29,4034.41,0.120,12.0,1
2026-07-16 02:22:36,4034.33,4034.45,0.120,12.0,1
2026-07-16 02:22:41,4034.33,4034.41,0.080,8.0,1
2026-07-16 02:22:46,4034.41,4034.46,0.050,5.0,1
2026-07-16 02:22:51,4034.47,4034.52,0.050,5.0,1
2026-07-16 02:22:56,4034.88,4034.93,0.050,5.0,1
2026-07-16 02:23:01,4034.49,4034.56,0.070,7.0,1
2026-07-16 02:23:06,4034.11,4034.23,0.120,12.0,1
2026-07-16 02:23:11,4034.11,4034.23,0.120,12.0,1
2026-07-16 02:23:16,4034.17,4034.22,0.050,5.0,1
2026-07-16 02:23:21,4033.99,4034.05,0.060,6.0,1
2026-07-16 02:23:26,4033.85,4033.91,0.060,6.0,1
2026-07-16 02:23:31,4034.15,4034.23,0.080,8.0,1
2026-07-16 02:23:36,4034.20,4034.25,0.050,5.0,1
2026-07-16 02:23:41,4034.38,4034.43,0.050,5.0,1
2026-07-16 02:23:46,4034.49,4034.54,0.050,5.0,1
2026-07-16 02:23:51,4034.29,4034.39,0.100,10.0,1
2026-07-16 02:23:56,4034.34,4034.43,0.090,9.0,1
2026-07-16 02:24:01,4034.11,4034.19,0.080,8.0,1
2026-07-16 02:24:06,4034.08,4034.16,0.080,8.0,1
2026-07-16 02:24:11,4034.06,4034.14,0.080,8.0,1
2026-07-16 02:24:16,4034.15,4034.21,0.060,6.0,1
2026-07-16 02:24:21,4034.10,4034.15,0.050,5.0,1
2026-07-16 02:24:26,4034.10,4034.22,0.120,12.0,1
2026-07-16 02:24:31,4033.75,4033.87,0.120,12.0,1
2026-07-16 02:24:36,4033.79,4033.91,0.120,12.0,1
2026-07-16 02:24:41,4033.46,4033.58,0.120,12.0,1
2026-07-16 02:24:46,4033.56,4033.68,0.120,12.0,1
2026-07-16 02:24:51,4033.50,4033.58,0.080,8.0,1
2026-07-16 02:24:56,4033.44,4033.54,0.100,10.0,1
2026-07-16 02:25:01,4033.31,4033.43,0.120,12.0,1
2026-07-16 02:25:06,4032.79,4032.91,0.120,12.0,1
2026-07-16 02:25:11,4032.63,4032.75,0.120,12.0,1
2026-07-16 02:25:16,4032.88,4032.94,0.060,6.0,1
2026-07-16 02:25:21,4033.16,4033.22,0.060,6.0,1
2026-07-16 02:25:26,4032.23,4032.35,0.120,12.0,1
2026-07-16 02:25:31,4032.36,4032.48,0.120,12.0,1
2026-07-16 02:25:36,4032.69,4032.80,0.110,11.0,1
2026-07-16 02:25:41,4032.84,4032.95,0.110,11.0,1
2026-07-16 02:25:46,4032.87,4032.95,0.080,8.0,1
2026-07-16 02:25:51,4032.60,4032.66,0.060,6.0,1
2026-07-16 02:25:56,4032.86,4032.93,0.070,7.0,1
2026-07-16 02:26:01,4033.18,4033.23,0.050,5.0,1
2026-07-16 02:26:06,4033.04,4033.09,0.050,5.0,1
2026-07-16 02:26:11,4032.42,4032.54,0.120,12.0,1
2026-07-16 02:26:16,4032.39,4032.51,0.120,12.0,1
2026-07-16 02:26:21,4032.32,4032.41,0.090,9.0,1
2026-07-16 02:26:26,4032.31,4032.36,0.050,5.0,1
2026-07-16 02:26:31,4032.92,4033.04,0.120,12.0,1
2026-07-16 02:26:36,4032.87,4032.94,0.070,7.0,1
2026-07-16 02:26:41,4032.40,4032.52,0.120,12.0,1
2026-07-16 02:26:46,4032.57,4032.68,0.110,11.0,1
2026-07-16 02:26:51,4032.69,4032.74,0.050,5.0,1
2026-07-16 02:26:56,4032.54,4032.59,0.050,5.0,1
2026-07-16 02:27:01,4032.19,4032.29,0.100,10.0,1
2026-07-16 02:27:06,4032.85,4032.97,0.120,12.0,1
2026-07-16 02:27:11,4033.30,4033.42,0.120,12.0,1
2026-07-16 02:27:16,4033.13,4033.25,0.120,12.0,1
2026-07-16 02:27:21,4033.26,4033.31,0.050,5.0,1
2026-07-16 02:27:26,4033.19,4033.24,0.050,5.0,1
2026-07-16 02:27:31,4032.85,4032.90,0.050,5.0,1
2026-07-16 02:27:36,4032.74,4032.79,0.050,5.0,1
2026-07-16 02:27:41,4032.75,4032.80,0.050,5.0,1
2026-07-16 02:27:46,4032.99,4033.04,0.050,5.0,1
2026-07-16 02:27:51,4033.07,4033.12,0.050,5.0,1
2026-07-16 02:27:56,4033.12,4033.22,0.100,10.0,1
2026-07-16 02:28:01,4033.20,4033.28,0.080,8.0,1
2026-07-16 02:28:06,4033.05,4033.15,0.100,10.0,1
2026-07-16 02:28:11,4033.07,4033.13,0.060,6.0,1
2026-07-16 02:28:16,4033.23,4033.29,0.060,6.0,1
2026-07-16 02:28:21,4032.74,4032.86,0.120,12.0,1
2026-07-16 02:28:26,4032.70,4032.82,0.120,12.0,1
2026-07-16 02:28:31,4032.64,4032.72,0.080,8.0,1
2026-07-16 02:28:36,4032.58,4032.63,0.050,5.0,1
2026-07-16 02:28:41,4033.35,4033.47,0.120,12.0,1
2026-07-16 02:28:46,4033.36,4033.48,0.120,12.0,1
2026-07-16 02:28:51,4033.41,4033.49,0.080,8.0,1
2026-07-16 02:28:56,4033.68,4033.73,0.050,5.0,1
2026-07-16 02:29:01,4033.61,4033.66,0.050,5.0,1
2026-07-16 02:29:06,4033.70,4033.75,0.050,5.0,1
2026-07-16 02:29:11,4033.72,4033.77,0.050,5.0,1
2026-07-16 02:29:16,4033.75,4033.80,0.050,5.0,1
2026-07-16 02:29:21,4033.99,4034.05,0.060,6.0,1
2026-07-16 02:29:26,4033.94,4033.99,0.050,5.0,1
2026-07-16 02:29:31,4034.19,4034.25,0.060,6.0,1
2026-07-16 02:29:36,4034.15,4034.20,0.050,5.0,1
2026-07-16 02:29:41,4034.39,4034.44,0.050,5.0,1
2026-07-16 02:29:46,4034.28,4034.39,0.110,11.0,1
2026-07-16 02:29:51,4034.48,4034.60,0.120,12.0,1
2026-07-16 02:29:56,4034.74,4034.86,0.120,12.0,1
2026-07-16 02:30:01,4033.95,4034.06,0.110,11.0,1
2026-07-16 02:30:06,4034.20,4034.32,0.120,12.0,1
2026-07-16 02:30:11,4035.18,4035.30,0.120,12.0,1
2026-07-16 02:30:16,4035.62,4035.74,0.120,12.0,1
2026-07-16 02:30:21,4035.35,4035.47,0.120,12.0,1
2026-07-16 02:30:26,4034.72,4034.84,0.120,12.0,1
2026-07-16 02:30:31,4034.65,4034.77,0.120,12.0,1
2026-07-16 02:30:36,4034.57,4034.68,0.110,11.0,1
2026-07-16 02:30:41,4034.91,4035.00,0.090,9.0,1
2026-07-16 02:30:46,4035.02,4035.12,0.100,10.0,1
2026-07-16 02:30:51,4034.86,4034.94,0.080,8.0,1
2026-07-16 02:30:56,4034.57,4034.63,0.060,6.0,1
2026-07-16 02:31:01,4034.32,4034.37,0.050,5.0,1
2026-07-16 02:31:06,4033.92,4034.00,0.080,8.0,1
2026-07-16 02:31:11,4033.16,4033.24,0.080,8.0,1
2026-07-16 02:31:16,4032.69,4032.80,0.110,11.0,1
2026-07-16 02:31:21,4032.75,4032.86,0.110,11.0,1
2026-07-16 02:31:26,4031.68,4031.80,0.120,12.0,1
2026-07-16 02:31:31,4031.80,4031.92,0.120,12.0,1
2026-07-16 02:31:36,4031.47,4031.57,0.100,10.0,1
2026-07-16 02:31:41,4031.69,4031.81,0.120,12.0,1
2026-07-16 02:31:46,4031.74,4031.86,0.120,12.0,1
2026-07-16 02:31:51,4031.61,4031.73,0.120,12.0,1
2026-07-16 02:31:56,4031.81,4031.90,0.090,9.0,1
2026-07-16 02:32:01,4031.66,4031.72,0.060,6.0,1
2026-07-16 02:32:06,4032.12,4032.21,0.090,9.0,1
2026-07-16 02:32:11,4031.25,4031.37,0.120,12.0,1
2026-07-16 02:32:16,4030.91,4030.98,0.070,7.0,1
2026-07-16 02:32:21,4030.83,4030.95,0.120,12.0,1
2026-07-16 02:32:26,4030.87,4030.99,0.120,12.0,1
2026-07-16 02:32:31,4030.85,4030.97,0.120,12.0,1
2026-07-16 02:32:36,4030.85,4030.95,0.100,10.0,1
2026-07-16 02:32:41,4030.85,4030.90,0.050,5.0,1
2026-07-16 02:32:46,4030.75,4030.80,0.050,5.0,1
2026-07-16 02:32:51,4030.87,4030.98,0.110,11.0,1
2026-07-16 02:32:56,4030.81,4030.87,0.060,6.0,1
2026-07-16 02:33:01,4030.74,4030.79,0.050,5.0,1
2026-07-16 02:33:06,4030.89,4030.94,0.050,5.0,1
2026-07-16 02:33:11,4031.49,4031.55,0.060,6.0,1
2026-07-16 02:33:16,4032.20,4032.30,0.100,10.0,1
2026-07-16 02:33:21,4032.12,4032.24,0.120,12.0,1
2026-07-16 02:33:26,4032.03,4032.15,0.120,12.0,1
2026-07-16 02:33:31,4032.10,4032.18,0.080,8.0,1
2026-07-16 02:33:36,4031.37,4031.49,0.120,12.0,1
2026-07-16 02:33:41,4031.49,4031.60,0.110,11.0,1
2026-07-16 02:33:46,4032.04,4032.09,0.050,5.0,1
2026-07-16 02:33:51,4031.36,4031.45,0.090,9.0,1
2026-07-16 02:33:56,4031.08,4031.20,0.120,12.0,1
2026-07-16 02:34:01,4031.09,4031.14,0.050,5.0,1
2026-07-16 02:34:06,4031.17,4031.25,0.080,8.0,1
2026-07-16 02:34:11,4031.38,4031.44,0.060,6.0,1
2026-07-16 02:34:16,4031.49,4031.54,0.050,5.0,1
2026-07-16 02:34:21,4031.70,4031.78,0.080,8.0,1
2026-07-16 02:34:26,4031.24,4031.36,0.120,12.0,1
2026-07-16 02:34:31,4031.21,4031.26,0.050,5.0,1
2026-07-16 02:34:36,4031.14,4031.24,0.100,10.0,1
2026-07-16 02:34:41,4031.43,4031.55,0.120,12.0,1
2026-07-16 02:34:46,4031.50,4031.61,0.110,11.0,1
2026-07-16 02:34:51,4031.52,4031.57,0.050,5.0,1
2026-07-16 02:34:56,4032.00,4032.05,0.050,5.0,1
2026-07-16 02:35:01,4032.07,4032.14,0.070,7.0,1
2026-07-16 02:35:06,4032.31,4032.37,0.060,6.0,1
2026-07-16 02:35:11,4032.14,4032.26,0.120,12.0,1
2026-07-16 02:35:16,4032.35,4032.45,0.100,10.0,1
2026-07-16 02:35:21,4032.14,4032.20,0.060,6.0,1
2026-07-16 02:35:26,4032.06,4032.11,0.050,5.0,1
2026-07-16 02:35:31,4032.24,4032.31,0.070,7.0,1
2026-07-16 02:35:36,4032.30,4032.38,0.080,8.0,1
2026-07-16 02:35:41,4032.23,4032.28,0.050,5.0,1
2026-07-16 02:35:46,4032.24,4032.35,0.110,11.0,1
2026-07-16 02:35:51,4032.20,4032.32,0.120,12.0,1
2026-07-16 02:35:56,4032.29,4032.40,0.110,11.0,1
2026-07-16 02:36:01,4032.63,4032.73,0.100,10.0,1
2026-07-16 02:36:06,4032.68,4032.80,0.120,12.0,1
2026-07-16 02:36:11,4031.40,4031.52,0.120,12.0,1
2026-07-16 02:36:16,4031.65,4031.77,0.120,12.0,1
2026-07-16 02:36:21,4031.68,4031.79,0.110,11.0,1
2026-07-16 02:36:26,4031.48,4031.53,0.050,5.0,1
2026-07-16 02:36:31,4031.85,4031.95,0.100,10.0,1
2026-07-16 02:36:36,4032.16,4032.23,0.070,7.0,1
2026-07-16 02:36:41,4032.15,4032.23,0.080,8.0,1
2026-07-16 02:36:46,4032.15,4032.20,0.050,5.0,1
2026-07-16 02:36:51,4031.86,4031.94,0.080,8.0,1
2026-07-16 02:36:56,4031.68,4031.73,0.050,5.0,1
2026-07-16 02:37:01,4031.40,4031.45,0.050,5.0,1
2026-07-16 02:37:06,4030.95,4031.02,0.070,7.0,1
2026-07-16 02:37:11,4030.84,4030.89,0.050,5.0,1
2026-07-16 02:37:16,4032.01,4032.13,0.120,12.0,1
2026-07-16 02:37:21,4032.01,4032.13,0.120,12.0,1
2026-07-16 02:37:26,4032.17,4032.25,0.080,8.0,1
2026-07-16 02:37:31,4031.33,4031.42,0.090,9.0,1
2026-07-16 02:37:36,4031.11,4031.18,0.070,7.0,1
2026-07-16 02:37:41,4031.27,4031.32,0.050,5.0,1
2026-07-16 02:37:46,4031.44,4031.52,0.080,8.0,1
2026-07-16 02:37:51,4031.40,4031.45,0.050,5.0,1
2026-07-16 02:37:56,4030.94,4031.04,0.100,10.0,1
2026-07-16 02:38:01,4030.15,4030.27,0.120,12.0,1
2026-07-16 02:38:06,4029.78,4029.90,0.120,12.0,1
2026-07-16 02:38:11,4029.80,4029.90,0.100,10.0,1
2026-07-16 02:38:16,4028.93,4029.05,0.120,12.0,1
2026-07-16 02:38:21,4028.45,4028.57,0.120,12.0,1
2026-07-16 02:38:26,4029.02,4029.14,0.120,12.0,1
2026-07-16 02:38:31,4029.40,4029.49,0.090,9.0,1
2026-07-16 02:38:36,4029.49,4029.54,0.050,5.0,1
2026-07-16 02:38:41,4029.64,4029.71,0.070,7.0,1
2026-07-16 02:38:46,4029.56,4029.61,0.050,5.0,1
2026-07-16 02:38:51,4029.46,4029.51,0.050,5.0,1
2026-07-16 02:38:56,4028.37,4028.49,0.120,12.0,1
2026-07-16 02:39:01,4028.10,4028.22,0.120,12.0,1
2026-07-16 02:39:06,4027.67,4027.79,0.120,12.0,1
2026-07-16 02:39:11,4026.18,4026.30,0.120,12.0,1
2026-07-16 02:39:16,4026.53,4026.65,0.120,12.0,1
2026-07-16 02:39:21,4027.33,4027.45,0.120,12.0,1
2026-07-16 02:39:26,4027.60,4027.68,0.080,8.0,1
2026-07-16 02:39:31,4027.98,4028.10,0.120,12.0,1
2026-07-16 02:39:36,4028.16,4028.23,0.070,7.0,1
2026-07-16 02:39:41,4027.60,4027.70,0.100,10.0,1
2026-07-16 02:39:46,4027.52,4027.57,0.050,5.0,1
2026-07-16 02:39:51,4027.17,4027.22,0.050,5.0,1
2026-07-16 02:39:56,4027.39,4027.45,0.060,6.0,1
2026-07-16 02:40:01,4026.95,4027.07,0.120,12.0,1
2026-07-16 02:40:06,4026.89,4027.01,0.120,12.0,1
2026-07-16 02:40:11,4026.98,4027.05,0.070,7.0,1
2026-07-16 02:40:16,4027.58,4027.68,0.100,10.0,1
2026-07-16 02:40:21,4027.63,4027.75,0.120,12.0,1
2026-07-16 02:40:26,4027.84,4027.89,0.050,5.0,1
2026-07-16 02:40:31,4027.37,4027.42,0.050,5.0,1
2026-07-16 02:40:36,4026.91,4027.03,0.120,12.0,1
2026-07-16 02:40:41,4026.25,4026.37,0.120,12.0,1
2026-07-16 02:40:46,4026.57,4026.68,0.110,11.0,1
2026-07-16 02:40:51,4026.61,4026.67,0.060,6.0,1
2026-07-16 02:40:56,4026.68,4026.80,0.120,12.0,1
2026-07-16 02:41:01,4026.80,4026.92,0.120,12.0,1
2026-07-16 02:41:06,4026.31,4026.42,0.110,11.0,1
2026-07-16 02:41:11,4025.76,4025.85,0.090,9.0,1
2026-07-16 02:41:16,4025.62,4025.74,0.120,12.0,1
2026-07-16 02:41:21,4025.54,4025.66,0.120,12.0,1
2026-07-16 02:41:26,4025.46,4025.53,0.070,7.0,1
2026-07-16 02:41:31,4025.66,4025.71,0.050,5.0,1
2026-07-16 02:41:36,4025.74,4025.79,0.050,5.0,1
2026-07-16 02:41:41,4025.54,4025.59,0.050,5.0,1
2026-07-16 02:41:46,4025.65,4025.70,0.050,5.0,1
2026-07-16 02:41:51,4025.37,4025.49,0.120,12.0,1
2026-07-16 02:41:56,4025.22,4025.32,0.100,10.0,1
2026-07-16 02:42:01,4025.29,4025.34,0.050,5.0,1
2026-07-16 02:42:06,4025.30,4025.41,0.110,11.0,1
2026-07-16 02:42:11,4025.24,4025.30,0.060,6.0,1
2026-07-16 02:42:16,4025.74,4025.81,0.070,7.0,1
2026-07-16 02:42:21,4025.77,4025.82,0.050,5.0,1
2026-07-16 02:42:26,4026.08,4026.20,0.120,12.0,1
2026-07-16 02:42:31,4026.11,4026.16,0.050,5.0,1
2026-07-16 02:42:36,4025.85,4025.90,0.050,5.0,1
2026-07-16 02:42:41,4026.72,4026.77,0.050,5.0,1
2026-07-16 02:42:46,4026.82,4026.94,0.120,12.0,1
2026-07-16 02:42:51,4026.32,4026.44,0.120,12.0,1
2026-07-16 02:42:56,4026.03,4026.15,0.120,12.0,1
2026-07-16 02:43:01,4025.61,4025.73,0.120,12.0,1
2026-07-16 02:43:06,4025.07,4025.17,0.100,10.0,1
2026-07-16 02:43:11,4025.19,4025.27,0.080,8.0,1
2026-07-16 02:43:16,4026.16,4026.28,0.120,12.0,1
2026-07-16 02:43:21,4026.68,4026.80,0.120,12.0,1
2026-07-16 02:43:26,4026.69,4026.74,0.050,5.0,1
2026-07-16 02:43:31,4026.51,4026.56,0.050,5.0,1
2026-07-16 02:43:36,4026.64,4026.76,0.120,12.0,1
2026-07-16 02:43:41,4026.44,4026.49,0.050,5.0,1
2026-07-16 02:43:46,4026.38,4026.43,0.050,5.0,1
2026-07-16 02:43:51,4026.69,4026.81,0.120,12.0,1
2026-07-16 02:43:56,4026.80,4026.92,0.120,12.0,1
2026-07-16 02:44:01,4027.39,4027.51,0.120,12.0,1
2026-07-16 02:44:06,4027.23,4027.34,0.110,11.0,1
2026-07-16 02:44:11,4027.88,4027.98,0.100,10.0,1
2026-07-16 02:44:16,4028.28,4028.35,0.070,7.0,1
2026-07-16 02:44:21,4027.67,4027.74,0.070,7.0,1
2026-07-16 02:44:26,4027.67,4027.72,0.050,5.0,1
2026-07-16 02:44:31,4027.10,4027.18,0.080,8.0,1
2026-07-16 02:44:36,4027.02,4027.13,0.110,11.0,1
2026-07-16 02:44:41,4027.24,4027.34,0.100,10.0,1
2026-07-16 02:44:46,4027.82,4027.94,0.120,12.0,1
2026-07-16 02:44:51,4027.66,4027.71,0.050,5.0,1
2026-07-16 02:44:56,4027.87,4027.92,0.050,5.0,1
2026-07-16 02:45:01,4027.83,4027.89,0.060,6.0,1
2026-07-16 02:45:06,4027.85,4027.91,0.060,6.0,1
2026-07-16 02:45:11,4027.85,4027.90,0.050,5.0,1
2026-07-16 02:45:16,4028.17,4028.22,0.050,5.0,1
2026-07-16 02:45:21,4028.63,4028.71,0.080,8.0,1
2026-07-16 02:45:26,4028.24,4028.34,0.100,10.0,1
2026-07-16 02:45:31,4027.99,4028.11,0.120,12.0,1
2026-07-16 02:45:36,4027.80,4027.88,0.080,8.0,1
2026-07-16 02:45:41,4027.72,4027.77,0.050,5.0,1
2026-07-16 02:45:46,4027.96,4028.01,0.050,5.0,1
2026-07-16 02:45:51,4028.06,4028.18,0.120,12.0,1
2026-07-16 02:45:56,4028.42,4028.52,0.100,10.0,1
2026-07-16 02:46:01,4029.48,4029.60,0.120,12.0,1
2026-07-16 02:46:06,4029.13,4029.25,0.120,12.0,1
2026-07-16 02:46:11,4029.09,4029.18,0.090,9.0,1
2026-07-16 02:46:16,4029.31,4029.36,0.050,5.0,1
2026-07-16 02:46:21,4029.25,4029.30,0.050,5.0,1
2026-07-16 02:46:26,4029.24,4029.29,0.050,5.0,1
2026-07-16 02:46:31,4029.03,4029.12,0.090,9.0,1
2026-07-16 02:46:36,4028.96,4029.01,0.050,5.0,1
2026-07-16 02:46:41,4028.95,4029.00,0.050,5.0,1
2026-07-16 02:46:46,4028.93,4029.05,0.120,12.0,1
2026-07-16 02:46:51,4029.15,4029.24,0.090,9.0,1
2026-07-16 02:46:56,4029.15,4029.21,0.060,6.0,1
2026-07-16 02:47:01,4029.52,4029.57,0.050,5.0,1
2026-07-16 02:47:06,4029.17,4029.28,0.110,11.0,1
2026-07-16 02:47:11,4029.04,4029.14,0.100,10.0,1
2026-07-16 02:47:16,4028.89,4028.97,0.080,8.0,1
2026-07-16 02:47:21,4028.81,4028.92,0.110,11.0,1
2026-07-16 02:47:26,4028.77,4028.89,0.120,12.0,1
2026-07-16 02:47:31,4028.77,4028.89,0.120,12.0,1
2026-07-16 02:47:36,4028.78,4028.83,0.050,5.0,1
2026-07-16 02:47:41,4028.95,4029.02,0.070,7.0,1
2026-07-16 02:47:46,4028.58,4028.66,0.080,8.0,1
2026-07-16 02:47:51,4028.43,4028.52,0.090,9.0,1
2026-07-16 02:47:56,4028.43,4028.49,0.060,6.0,1
2026-07-16 02:48:01,4028.43,4028.54,0.110,11.0,1
2026-07-16 02:48:06,4028.51,4028.60,0.090,9.0,1
2026-07-16 02:48:11,4028.48,4028.55,0.070,7.0,1
