timestamp_utc,bid,ask,spread_usd_oz,spread_pips,market_open
2026-07-13 00:00:01,4085.84,4085.96,0.120,12.0,1
2026-07-13 00:00:06,4084.95,4085.07,0.120,12.0,1
2026-07-13 00:00:11,4083.58,4083.70,0.120,12.0,1
2026-07-13 00:00:16,4082.23,4082.35,0.120,12.0,1
2026-07-13 00:00:21,4082.24,4082.36,0.120,12.0,1
2026-07-13 00:00:26,4081.97,4082.06,0.090,9.0,1
2026-07-13 00:00:31,4081.00,4081.07,0.070,7.0,1
2026-07-13 00:00:36,4081.41,4081.53,0.120,12.0,1
2026-07-13 00:00:41,4081.58,4081.67,0.090,9.0,1
2026-07-13 00:00:46,4081.49,4081.58,0.090,9.0,1
2026-07-13 00:00:51,4081.85,4081.93,0.080,8.0,1
2026-07-13 00:00:56,4082.51,4082.58,0.070,7.0,1
2026-07-13 00:01:01,4083.16,4083.24,0.080,8.0,1
2026-07-13 00:01:06,4083.64,4083.71,0.070,7.0,1
2026-07-13 00:01:11,4084.30,4084.42,0.120,12.0,1
2026-07-13 00:01:16,4083.59,4083.71,0.120,12.0,1
2026-07-13 00:01:21,4084.34,4084.46,0.120,12.0,1
2026-07-13 00:01:26,4083.79,4083.91,0.120,12.0,1
2026-07-13 00:01:31,4083.94,4084.03,0.090,9.0,1
2026-07-13 00:01:36,4083.79,4083.91,0.120,12.0,1
2026-07-13 00:01:41,4083.60,4083.70,0.100,10.0,1
2026-07-13 00:01:46,4083.77,4083.86,0.090,9.0,1
2026-07-13 00:01:51,4082.71,4082.77,0.060,6.0,1
2026-07-13 00:01:56,4082.73,4082.80,0.070,7.0,1
2026-07-13 00:02:01,4082.83,4082.88,0.050,5.0,1
2026-07-13 00:02:06,4083.46,4083.57,0.110,11.0,1
2026-07-13 00:02:11,4083.68,4083.76,0.080,8.0,1
2026-07-13 00:02:16,4083.91,4084.03,0.120,12.0,1
2026-07-13 00:02:21,4083.32,4083.44,0.120,12.0,1
2026-07-13 00:02:26,4083.54,4083.64,0.100,10.0,1
2026-07-13 00:02:31,4084.04,4084.16,0.120,12.0,1
2026-07-13 00:02:36,4083.98,4084.09,0.110,11.0,1
2026-07-13 00:02:41,4084.08,4084.20,0.120,12.0,1
2026-07-13 00:02:46,4085.22,4085.34,0.120,12.0,1
2026-07-13 00:02:51,4085.15,4085.27,0.120,12.0,1
2026-07-13 00:02:56,4084.86,4084.95,0.090,9.0,1
2026-07-13 00:03:01,4085.76,4085.83,0.070,7.0,1
2026-07-13 00:03:06,4085.25,4085.37,0.120,12.0,1
2026-07-13 00:03:11,4084.91,4085.03,0.120,12.0,1
2026-07-13 00:03:16,4085.08,4085.16,0.080,8.0,1
2026-07-13 00:03:21,4085.30,4085.39,0.090,9.0,1
2026-07-13 00:03:26,4085.23,4085.30,0.070,7.0,1
2026-07-13 00:03:31,4085.74,4085.79,0.050,5.0,1
2026-07-13 00:03:36,4085.31,4085.37,0.060,6.0,1
2026-07-13 00:03:41,4085.48,4085.53,0.050,5.0,1
2026-07-13 00:03:46,4085.52,4085.58,0.060,6.0,1
2026-07-13 00:03:51,4085.68,4085.73,0.050,5.0,1
2026-07-13 00:03:56,4084.57,4084.67,0.100,10.0,1
2026-07-13 00:04:01,4084.50,4084.59,0.090,9.0,1
2026-07-13 00:04:06,4084.27,4084.32,0.050,5.0,1
2026-07-13 00:04:11,4084.60,4084.67,0.070,7.0,1
2026-07-13 00:04:16,4084.76,4084.81,0.050,5.0,1
2026-07-13 00:04:21,4084.64,4084.69,0.050,5.0,1
2026-07-13 00:04:26,4084.89,4084.94,0.050,5.0,1
2026-07-13 00:04:31,4084.96,4085.05,0.090,9.0,1
2026-07-13 00:04:36,4085.49,4085.59,0.100,10.0,1
2026-07-13 00:04:41,4085.34,4085.46,0.120,12.0,1
2026-07-13 00:04:46,4085.12,4085.24,0.120,12.0,1
2026-07-13 00:04:51,4083.92,4084.04,0.120,12.0,1
2026-07-13 00:04:56,4084.15,4084.27,0.120,12.0,1
2026-07-13 00:05:01,4083.97,4084.05,0.080,8.0,1
2026-07-13 00:05:06,4084.16,4084.27,0.110,11.0,1
2026-07-13 00:05:11,4084.98,4085.10,0.120,12.0,1
2026-07-13 00:05:16,4085.68,4085.80,0.120,12.0,1
2026-07-13 00:05:21,4085.92,4086.04,0.120,12.0,1
2026-07-13 00:05:26,4085.66,4085.78,0.120,12.0,1
2026-07-13 00:05:31,4086.02,4086.14,0.120,12.0,1
2026-07-13 00:05:36,4087.26,4087.38,0.120,12.0,1
2026-07-13 00:05:41,4088.03,4088.15,0.120,12.0,1
2026-07-13 00:05:46,4089.41,4089.53,0.120,12.0,1
2026-07-13 00:05:51,4088.45,4088.57,0.120,12.0,1
2026-07-13 00:05:56,4088.32,4088.40,0.080,8.0,1
2026-07-13 00:06:01,4087.82,4087.88,0.060,6.0,1
2026-07-13 00:06:06,4087.30,4087.35,0.050,5.0,1
2026-07-13 00:06:11,4087.68,4087.73,0.050,5.0,1
2026-07-13 00:06:16,4087.70,4087.75,0.050,5.0,1
2026-07-13 00:06:21,4087.88,4088.00,0.120,12.0,1
2026-07-13 00:06:26,4088.36,4088.41,0.050,5.0,1
2026-07-13 00:06:31,4088.72,4088.77,0.050,5.0,1
2026-07-13 00:06:36,4088.16,4088.23,0.070,7.0,1
2026-07-13 00:06:41,4088.09,4088.14,0.050,5.0,1
2026-07-13 00:06:46,4088.69,4088.81,0.120,12.0,1
2026-07-13 00:06:51,4088.74,4088.86,0.120,12.0,1
2026-07-13 00:06:56,4088.70,4088.77,0.070,7.0,1
2026-07-13 00:07:01,4088.88,4088.97,0.090,9.0,1
2026-07-13 00:07:06,4088.34,4088.44,0.100,10.0,1
2026-07-13 00:07:11,4088.29,4088.35,0.060,6.0,1
2026-07-13 00:07:16,4087.89,4087.98,0.090,9.0,1
2026-07-13 00:07:21,4087.85,4087.97,0.120,12.0,1
2026-07-13 00:07:26,4088.16,4088.22,0.060,6.0,1
2026-07-13 00:07:31,4087.57,4087.62,0.050,5.0,1
2026-07-13 00:07:36,4087.35,4087.40,0.050,5.0,1
2026-07-13 00:07:41,4087.53,4087.58,0.050,5.0,1
2026-07-13 00:07:46,4087.54,4087.60,0.060,6.0,1
2026-07-13 00:07:51,4087.85,4087.90,0.050,5.0,1
2026-07-13 00:07:56,4087.67,4087.72,0.050,5.0,1
2026-07-13 00:08:01,4087.31,4087.36,0.050,5.0,1
2026-07-13 00:08:06,4087.33,4087.39,0.060,6.0,1
2026-07-13 00:08:11,4086.94,4086.99,0.050,5.0,1
2026-07-13 00:08:16,4087.41,4087.50,0.090,9.0,1
2026-07-13 00:08:21,4087.25,4087.33,0.080,8.0,1
2026-07-13 00:08:26,4087.08,4087.16,0.080,8.0,1
2026-07-13 00:08:31,4087.19,4087.29,0.100,10.0,1
2026-07-13 00:08:36,4087.94,4088.06,0.120,12.0,1
2026-07-13 00:08:41,4086.86,4086.98,0.120,12.0,1
2026-07-13 00:08:46,4086.98,4087.10,0.120,12.0,1
2026-07-13 00:08:51,4086.83,4086.94,0.110,11.0,1
2026-07-13 00:08:56,4086.21,4086.30,0.090,9.0,1
2026-07-13 00:09:01,4087.03,4087.12,0.090,9.0,1
2026-07-13 00:09:06,4087.39,4087.49,0.100,10.0,1
2026-07-13 00:09:11,4088.46,4088.58,0.120,12.0,1
2026-07-13 00:09:16,4088.39,4088.51,0.120,12.0,1
2026-07-13 00:09:21,4088.71,4088.80,0.090,9.0,1
2026-07-13 00:09:26,4089.29,4089.37,0.080,8.0,1
2026-07-13 00:09:31,4089.40,4089.51,0.110,11.0,1
2026-07-13 00:09:36,4089.66,4089.78,0.120,12.0,1
2026-07-13 00:09:41,4089.62,4089.74,0.120,12.0,1
2026-07-13 00:09:46,4089.34,4089.42,0.080,8.0,1
2026-07-13 00:09:51,4089.18,4089.23,0.050,5.0,1
2026-07-13 00:09:56,4088.92,4088.97,0.050,5.0,1
2026-07-13 00:10:01,4089.43,4089.51,0.080,8.0,1
2026-07-13 00:10:06,4089.57,4089.69,0.120,12.0,1
2026-07-13 00:10:11,4090.10,4090.22,0.120,12.0,1
2026-07-13 00:10:16,4090.44,4090.56,0.120,12.0,1
2026-07-13 00:10:21,4089.84,4089.96,0.120,12.0,1
2026-07-13 00:10:26,4090.28,4090.40,0.120,12.0,1
2026-07-13 00:10:31,4090.71,4090.77,0.060,6.0,1
2026-07-13 00:10:36,4090.73,4090.79,0.060,6.0,1
2026-07-13 00:10:41,4090.32,4090.41,0.090,9.0,1
2026-07-13 00:10:46,4090.06,4090.11,0.050,5.0,1
2026-07-13 00:10:51,4089.90,4089.95,0.050,5.0,1
2026-07-13 00:10:56,4090.02,4090.08,0.060,6.0,1
2026-07-13 00:11:01,4089.59,4089.64,0.050,5.0,1
2026-07-13 00:11:06,4089.78,4089.83,0.050,5.0,1
2026-07-13 00:11:11,4089.43,4089.54,0.110,11.0,1
2026-07-13 00:11:16,4087.89,4088.01,0.120,12.0,1
2026-07-13 00:11:21,4087.76,4087.88,0.120,12.0,1
2026-07-13 00:11:26,4088.24,4088.36,0.120,12.0,1
2026-07-13 00:11:31,4088.19,4088.27,0.080,8.0,1
2026-07-13 00:11:36,4088.05,4088.10,0.050,5.0,1
2026-07-13 00:11:41,4087.68,4087.73,0.050,5.0,1
2026-07-13 00:11:46,4087.71,4087.76,0.050,5.0,1
2026-07-13 00:11:51,4087.80,4087.85,0.050,5.0,1
2026-07-13 00:11:56,4088.23,4088.35,0.120,12.0,1
2026-07-13 00:12:01,4088.49,4088.61,0.120,12.0,1
2026-07-13 00:12:06,4087.99,4088.11,0.120,12.0,1
2026-07-13 00:12:11,4088.01,4088.12,0.110,11.0,1
2026-07-13 00:12:16,4088.04,4088.09,0.050,5.0,1
2026-07-13 00:12:21,4087.76,4087.81,0.050,5.0,1
2026-07-13 00:12:26,4087.86,4087.91,0.050,5.0,1
2026-07-13 00:12:31,4087.58,4087.63,0.050,5.0,1
2026-07-13 00:12:36,4088.22,4088.32,0.100,10.0,1
2026-07-13 00:12:41,4088.13,4088.18,0.050,5.0,1
2026-07-13 00:12:46,4088.03,4088.08,0.050,5.0,1
2026-07-13 00:12:51,4087.85,4087.90,0.050,5.0,1
2026-07-13 00:12:56,4088.05,4088.10,0.050,5.0,1
2026-07-13 00:13:01,4088.11,4088.18,0.070,7.0,1
2026-07-13 00:13:06,4087.58,4087.70,0.120,12.0,1
2026-07-13 00:13:11,4087.36,4087.44,0.080,8.0,1
2026-07-13 00:13:16,4087.25,4087.35,0.100,10.0,1
2026-07-13 00:13:21,4086.90,4087.02,0.120,12.0,1
2026-07-13 00:13:26,4086.17,4086.29,0.120,12.0,1
2026-07-13 00:13:31,4086.23,4086.33,0.100,10.0,1
2026-07-13 00:13:36,4086.22,4086.29,0.070,7.0,1
2026-07-13 00:13:41,4086.53,4086.65,0.120,12.0,1
2026-07-13 00:13:46,4086.07,4086.19,0.120,12.0,1
2026-07-13 00:13:51,4086.37,4086.49,0.120,12.0,1
2026-07-13 00:13:56,4086.67,4086.77,0.100,10.0,1
2026-07-13 00:14:01,4086.53,4086.60,0.070,7.0,1
2026-07-13 00:14:06,4086.76,4086.85,0.090,9.0,1
2026-07-13 00:14:11,4087.08,4087.13,0.050,5.0,1
2026-07-13 00:14:16,4086.74,4086.81,0.070,7.0,1
2026-07-13 00:14:21,4086.29,4086.37,0.080,8.0,1
2026-07-13 00:14:26,4086.66,4086.78,0.120,12.0,1
2026-07-13 00:14:31,4086.68,4086.75,0.070,7.0,1
2026-07-13 00:14:36,4086.75,4086.80,0.050,5.0,1
2026-07-13 00:14:41,4086.89,4086.94,0.050,5.0,1
2026-07-13 00:14:46,4086.89,4086.94,0.050,5.0,1
2026-07-13 00:14:51,4086.82,4086.87,0.050,5.0,1
2026-07-13 00:14:56,4086.97,4087.09,0.120,12.0,1
2026-07-13 00:15:01,4087.42,4087.54,0.120,12.0,1
2026-07-13 00:15:06,4087.49,4087.61,0.120,12.0,1
2026-07-13 00:15:11,4087.26,4087.38,0.120,12.0,1
2026-07-13 00:15:16,4087.39,4087.48,0.090,9.0,1
2026-07-13 00:15:21,4087.69,4087.75,0.060,6.0,1
2026-07-13 00:15:26,4087.81,4087.86,0.050,5.0,1
2026-07-13 00:15:31,4086.71,4086.83,0.120,12.0,1
2026-07-13 00:15:36,4086.23,4086.35,0.120,12.0,1
2026-07-13 00:15:41,4086.26,4086.38,0.120,12.0,1
2026-07-13 00:15:46,4085.56,4085.68,0.120,12.0,1
2026-07-13 00:15:51,4085.65,4085.76,0.110,11.0,1
2026-07-13 00:15:56,4084.97,4085.07,0.100,10.0,1
2026-07-13 00:16:01,4085.24,4085.35,0.110,11.0,1
2026-07-13 00:16:06,4084.98,4085.08,0.100,10.0,1
2026-07-13 00:16:11,4084.73,4084.85,0.120,12.0,1
2026-07-13 00:16:16,4084.63,4084.75,0.120,12.0,1
2026-07-13 00:16:21,4085.00,4085.11,0.110,11.0,1
2026-07-13 00:16:26,4085.16,4085.24,0.080,8.0,1
2026-07-13 00:16:31,4084.90,4084.95,0.050,5.0,1
2026-07-13 00:16:36,4084.25,4084.34,0.090,9.0,1
2026-07-13 00:16:41,4083.31,4083.37,0.060,6.0,1
2026-07-13 00:16:46,4082.79,4082.91,0.120,12.0,1
2026-07-13 00:16:51,4082.41,4082.53,0.120,12.0,1
2026-07-13 00:16:56,4082.42,4082.51,0.090,9.0,1
2026-07-13 00:17:01,4082.37,4082.42,0.050,5.0,1
2026-07-13 00:17:06,4082.15,4082.26,0.110,11.0,1
2026-07-13 00:17:11,4082.32,4082.44,0.120,12.0,1
2026-07-13 00:17:16,4082.21,4082.26,0.050,5.0,1
2026-07-13 00:17:21,4082.01,4082.06,0.050,5.0,1
2026-07-13 00:17:26,4081.56,4081.61,0.050,5.0,1
2026-07-13 00:17:31,4081.72,4081.83,0.110,11.0,1
2026-07-13 00:17:36,4082.01,4082.09,0.080,8.0,1
2026-07-13 00:17:41,4082.09,4082.14,0.050,5.0,1
2026-07-13 00:17:46,4082.30,4082.35,0.050,5.0,1
2026-07-13 00:17:51,4082.14,4082.19,0.050,5.0,1
2026-07-13 00:17:56,4082.11,4082.16,0.050,5.0,1
2026-07-13 00:18:01,4081.27,4081.39,0.120,12.0,1
2026-07-13 00:18:06,4081.15,4081.26,0.110,11.0,1
2026-07-13 00:18:11,4080.84,4080.92,0.080,8.0,1
2026-07-13 00:18:16,4080.47,4080.57,0.100,10.0,1
2026-07-13 00:18:21,4080.27,4080.36,0.090,9.0,1
2026-07-13 00:18:26,4080.52,4080.57,0.050,5.0,1
2026-07-13 00:18:31,4080.68,4080.74,0.060,6.0,1
2026-07-13 00:18:36,4081.17,4081.22,0.050,5.0,1
2026-07-13 00:18:41,4080.86,4080.95,0.090,9.0,1
2026-07-13 00:18:46,4080.67,4080.78,0.110,11.0,1
2026-07-13 00:18:51,4080.70,4080.77,0.070,7.0,1
2026-07-13 00:18:56,4080.66,4080.71,0.050,5.0,1
2026-07-13 00:19:01,4080.43,4080.48,0.050,5.0,1
2026-07-13 00:19:06,4080.36,4080.48,0.120,12.0,1
2026-07-13 00:19:11,4080.27,4080.35,0.080,8.0,1
2026-07-13 00:19:16,4081.14,4081.26,0.120,12.0,1
2026-07-13 00:19:21,4081.21,4081.33,0.120,12.0,1
2026-07-13 00:19:26,4081.47,4081.58,0.110,11.0,1
2026-07-13 00:19:31,4081.51,4081.56,0.050,5.0,1
2026-07-13 00:19:36,4081.61,4081.70,0.090,9.0,1
2026-07-13 00:19:41,4081.86,4081.91,0.050,5.0,1
2026-07-13 00:19:46,4081.99,4082.04,0.050,5.0,1
2026-07-13 00:19:51,4082.02,4082.07,0.050,5.0,1
2026-07-13 00:19:56,4082.15,4082.27,0.120,12.0,1
2026-07-13 00:20:01,4082.54,4082.62,0.080,8.0,1
2026-07-13 00:20:06,4081.79,4081.91,0.120,12.0,1
2026-07-13 00:20:11,4081.74,4081.86,0.120,12.0,1
2026-07-13 00:20:16,4082.21,4082.33,0.120,12.0,1
2026-07-13 00:20:21,4081.87,4081.96,0.090,9.0,1
2026-07-13 00:20:26,4081.85,4081.91,0.060,6.0,1
2026-07-13 00:20:31,4081.51,4081.63,0.120,12.0,1
2026-07-13 00:20:36,4081.69,4081.81,0.120,12.0,1
2026-07-13 00:20:41,4083.24,4083.36,0.120,12.0,1
2026-07-13 00:20:46,4081.80,4081.92,0.120,12.0,1
2026-07-13 00:20:51,4081.61,4081.73,0.120,12.0,1
2026-07-13 00:20:56,4081.75,4081.85,0.100,10.0,1
2026-07-13 00:21:01,4081.42,4081.50,0.080,8.0,1
2026-07-13 00:21:06,4080.62,4080.70,0.080,8.0,1
2026-07-13 00:21:11,4081.21,4081.32,0.110,11.0,1
2026-07-13 00:21:16,4081.12,4081.24,0.120,12.0,1
2026-07-13 00:21:21,4081.25,4081.34,0.090,9.0,1
2026-07-13 00:21:26,4081.23,4081.31,0.080,8.0,1
2026-07-13 00:21:31,4081.18,4081.24,0.060,6.0,1
2026-07-13 00:21:36,4081.60,4081.66,0.060,6.0,1
2026-07-13 00:21:41,4081.64,4081.70,0.060,6.0,1
2026-07-13 00:21:46,4082.04,4082.11,0.070,7.0,1
2026-07-13 00:21:51,4082.50,4082.58,0.080,8.0,1
2026-07-13 00:21:56,4082.04,4082.15,0.110,11.0,1
2026-07-13 00:22:01,4082.07,4082.15,0.080,8.0,1
2026-07-13 00:22:06,4081.25,4081.37,0.120,12.0,1
2026-07-13 00:22:11,4081.15,4081.27,0.120,12.0,1
2026-07-13 00:22:16,4080.98,4081.07,0.090,9.0,1
2026-07-13 00:22:21,4081.12,4081.22,0.100,10.0,1
2026-07-13 00:22:26,4081.17,4081.23,0.060,6.0,1
2026-07-13 00:22:31,4081.74,4081.83,0.090,9.0,1
2026-07-13 00:22:36,4081.81,4081.86,0.050,5.0,1
2026-07-13 00:22:41,4081.75,4081.80,0.050,5.0,1
2026-07-13 00:22:46,4081.75,4081.80,0.050,5.0,1
2026-07-13 00:22:51,4082.05,4082.10,0.050,5.0,1
2026-07-13 00:22:56,4082.03,4082.09,0.060,6.0,1
2026-07-13 00:23:01,4082.03,4082.15,0.120,12.0,1
2026-07-13 00:23:06,4081.69,4081.81,0.120,12.0,1
2026-07-13 00:23:11,4081.67,4081.76,0.090,9.0,1
2026-07-13 00:23:16,4081.69,4081.75,0.060,6.0,1
2026-07-13 00:23:21,4081.66,4081.72,0.060,6.0,1
2026-07-13 00:23:26,4081.86,4081.91,0.050,5.0,1
2026-07-13 00:23:31,4082.10,4082.15,0.050,5.0,1
2026-07-13 00:23:36,4083.16,4083.28,0.120,12.0,1
2026-07-13 00:23:41,4083.04,4083.14,0.100,10.0,1
2026-07-13 00:23:46,4082.86,4082.98,0.120,12.0,1
2026-07-13 00:23:51,4082.48,4082.60,0.120,12.0,1
2026-07-13 00:23:56,4082.65,4082.76,0.110,11.0,1
2026-07-13 00:24:01,4082.65,4082.75,0.100,10.0,1
2026-07-13 00:24:06,4082.81,4082.89,0.080,8.0,1
2026-07-13 00:24:11,4082.90,4083.02,0.120,12.0,1
2026-07-13 00:24:16,4082.49,4082.61,0.120,12.0,1
2026-07-13 00:24:21,4082.47,4082.57,0.100,10.0,1
2026-07-13 00:24:26,4083.01,4083.13,0.120,12.0,1
2026-07-13 00:24:31,4082.75,4082.85,0.100,10.0,1
2026-07-13 00:24:36,4083.12,4083.19,0.070,7.0,1
2026-07-13 00:24:41,4082.87,4082.99,0.120,12.0,1
2026-07-13 00:24:46,4082.54,4082.62,0.080,8.0,1
2026-07-13 00:24:51,4082.26,4082.32,0.060,6.0,1
2026-07-13 00:24:56,4082.59,4082.66,0.070,7.0,1
2026-07-13 00:25:01,4082.36,4082.42,0.060,6.0,1
2026-07-13 00:25:06,4082.63,4082.73,0.100,10.0,1
2026-07-13 00:25:11,4082.90,4082.95,0.050,5.0,1
2026-07-13 00:25:16,4081.15,4081.27,0.120,12.0,1
2026-07-13 00:25:21,4080.31,4080.43,0.120,12.0,1
2026-07-13 00:25:26,4080.21,4080.33,0.120,12.0,1
2026-07-13 00:25:31,4080.28,4080.38,0.100,10.0,1
2026-07-13 00:25:36,4079.24,4079.36,0.120,12.0,1
2026-07-13 00:25:41,4079.56,4079.68,0.120,12.0,1
2026-07-13 00:25:46,4078.91,4079.01,0.100,10.0,1
2026-07-13 00:25:51,4079.28,4079.39,0.110,11.0,1
2026-07-13 00:25:56,4079.50,4079.59,0.090,9.0,1
2026-07-13 00:26:01,4079.46,4079.53,0.070,7.0,1
2026-07-13 00:26:06,4079.43,4079.48,0.050,5.0,1
2026-07-13 00:26:11,4078.70,4078.81,0.110,11.0,1
2026-07-13 00:26:16,4078.34,4078.45,0.110,11.0,1
2026-07-13 00:26:21,4078.24,4078.32,0.080,8.0,1
2026-07-13 00:26:26,4078.07,4078.17,0.100,10.0,1
2026-07-13 00:26:31,4077.12,4077.24,0.120,12.0,1
2026-07-13 00:26:36,4076.87,4076.99,0.120,12.0,1
2026-07-13 00:26:41,4076.77,4076.89,0.120,12.0,1
2026-07-13 00:26:46,4076.87,4076.98,0.110,11.0,1
2026-07-13 00:26:51,4077.05,4077.14,0.090,9.0,1
2026-07-13 00:26:56,4076.96,4077.05,0.090,9.0,1
2026-07-13 00:27:01,4076.64,4076.69,0.050,5.0,1
2026-07-13 00:27:06,4076.58,4076.63,0.050,5.0,1
2026-07-13 00:27:11,4076.37,4076.42,0.050,5.0,1
2026-07-13 00:27:16,4076.66,4076.78,0.120,12.0,1
2026-07-13 00:27:21,4075.77,4075.89,0.120,12.0,1
2026-07-13 00:27:26,4076.10,4076.20,0.100,10.0,1
2026-07-13 00:27:31,4076.00,4076.05,0.050,5.0,1
2026-07-13 00:27:36,4075.73,4075.78,0.050,5.0,1
2026-07-13 00:27:41,4077.09,4077.21,0.120,12.0,1
2026-07-13 00:27:46,4077.05,4077.17,0.120,12.0,1
2026-07-13 00:27:51,4076.98,4077.10,0.120,12.0,1
2026-07-13 00:27:56,4076.88,4076.97,0.090,9.0,1
2026-07-13 00:28:01,4075.96,4076.08,0.120,12.0,1
2026-07-13 00:28:06,4076.25,4076.34,0.090,9.0,1
2026-07-13 00:28:11,4076.82,4076.90,0.080,8.0,1
2026-07-13 00:28:16,4076.91,4076.98,0.070,7.0,1
2026-07-13 00:28:21,4076.67,4076.72,0.050,5.0,1
2026-07-13 00:28:26,4075.16,4075.21,0.050,5.0,1
2026-07-13 00:28:31,4075.26,4075.38,0.120,12.0,1
2026-07-13 00:28:36,4076.38,4076.50,0.120,12.0,1
2026-07-13 00:28:41,4076.45,4076.56,0.110,11.0,1
2026-07-13 00:28:46,4076.50,4076.58,0.080,8.0,1
2026-07-13 00:28:51,4076.76,4076.82,0.060,6.0,1
2026-07-13 00:28:56,4076.20,4076.30,0.100,10.0,1
2026-07-13 00:29:01,4076.24,4076.31,0.070,7.0,1
2026-07-13 00:29:06,4075.93,4075.98,0.050,5.0,1
2026-07-13 00:29:11,4075.92,4075.97,0.050,5.0,1
2026-07-13 00:29:16,4076.06,4076.11,0.050,5.0,1
2026-07-13 00:29:21,4075.98,4076.03,0.050,5.0,1
2026-07-13 00:29:26,4075.47,4075.53,0.060,6.0,1
2026-07-13 00:29:31,4074.94,4075.02,0.080,8.0,1
2026-07-13 00:29:36,4075.18,4075.29,0.110,11.0,1
2026-07-13 00:29:41,4075.05,4075.13,0.080,8.0,1
2026-07-13 00:29:46,4075.16,4075.27,0.110,11.0,1
2026-07-13 00:29:51,4075.18,4075.27,0.090,9.0,1
2026-07-13 00:29:56,4074.75,4074.87,0.120,12.0,1
2026-07-13 00:30:01,4073.51,4073.63,0.120,12.0,1
2026-07-13 00:30:06,4074.07,4074.19,0.120,12.0,1
2026-07-13 00:30:11,4074.64,4074.76,0.120,12.0,1
2026-07-13 00:30:16,4074.93,4075.05,0.120,12.0,1
2026-07-13 00:30:21,4074.74,4074.83,0.090,9.0,1
2026-07-13 00:30:26,4074.90,4074.95,0.050,5.0,1
2026-07-13 00:30:31,4074.36,4074.44,0.080,8.0,1
2026-07-13 00:30:36,4074.38,4074.49,0.110,11.0,1
2026-07-13 00:30:41,4074.43,4074.48,0.050,5.0,1
2026-07-13 00:30:46,4074.36,4074.41,0.050,5.0,1
2026-07-13 00:30:51,4074.26,4074.31,0.050,5.0,1
2026-07-13 00:30:56,4074.94,4075.00,0.060,6.0,1
2026-07-13 00:31:01,4074.29,4074.41,0.120,12.0,1
2026-07-13 00:31:06,4074.67,4074.79,0.120,12.0,1
2026-07-13 00:31:11,4073.69,4073.81,0.120,12.0,1
2026-07-13 00:31:16,4073.77,4073.85,0.080,8.0,1
2026-07-13 00:31:21,4073.79,4073.84,0.050,5.0,1
2026-07-13 00:31:26,4073.53,4073.59,0.060,6.0,1
2026-07-13 00:31:31,4073.33,4073.45,0.120,12.0,1
2026-07-13 00:31:36,4072.21,4072.33,0.120,12.0,1
2026-07-13 00:31:41,4072.31,4072.43,0.120,12.0,1
2026-07-13 00:31:46,4072.45,4072.55,0.100,10.0,1
2026-07-13 00:31:51,4072.00,4072.08,0.080,8.0,1
2026-07-13 00:31:56,4072.40,4072.50,0.100,10.0,1
2026-07-13 00:32:01,4071.46,4071.58,0.120,12.0,1
2026-07-13 00:32:06,4071.57,4071.68,0.110,11.0,1
2026-07-13 00:32:11,4071.66,4071.74,0.080,8.0,1
2026-07-13 00:32:16,4071.75,4071.80,0.050,5.0,1
2026-07-13 00:32:21,4072.05,4072.11,0.060,6.0,1
2026-07-13 00:32:26,4072.61,4072.68,0.070,7.0,1
2026-07-13 00:32:31,4071.70,4071.82,0.120,12.0,1
2026-07-13 00:32:36,4071.88,4071.95,0.070,7.0,1
2026-07-13 00:32:41,4071.74,4071.79,0.050,5.0,1
2026-07-13 00:32:46,4071.73,4071.78,0.050,5.0,1
2026-07-13 00:32:51,4071.70,4071.75,0.050,5.0,1
2026-07-13 00:32:56,4070.83,4070.88,0.050,5.0,1
2026-07-13 00:33:01,4071.55,4071.60,0.050,5.0,1
2026-07-13 00:33:06,4071.10,4071.22,0.120,12.0,1
2026-07-13 00:33:11,4070.91,4071.02,0.110,11.0,1
2026-07-13 00:33:16,4070.48,4070.60,0.120,12.0,1
2026-07-13 00:33:21,4070.82,4070.94,0.120,12.0,1
2026-07-13 00:33:26,4071.01,4071.12,0.110,11.0,1
2026-07-13 00:33:31,4071.18,4071.25,0.070,7.0,1
2026-07-13 00:33:36,4070.98,4071.03,0.050,5.0,1
2026-07-13 00:33:41,4069.90,4070.02,0.120,12.0,1
2026-07-13 00:33:46,4070.12,4070.24,0.120,12.0,1
2026-07-13 00:33:51,4070.08,4070.13,0.050,5.0,1
2026-07-13 00:33:56,4069.72,4069.77,0.050,5.0,1
2026-07-13 00:34:01,4069.30,4069.40,0.100,10.0,1
2026-07-13 00:34:06,4067.16,4067.28,0.120,12.0,1
2026-07-13 00:34:11,4067.41,4067.53,0.120,12.0,1
2026-07-13 00:34:16,4067.25,4067.37,0.120,12.0,1
2026-07-13 00:34:21,4067.67,4067.77,0.100,10.0,1
2026-07-13 00:34:26,4068.13,4068.23,0.100,10.0,1
2026-07-13 00:34:31,4067.60,4067.70,0.100,10.0,1
2026-07-13 00:34:36,4067.84,4067.92,0.080,8.0,1
2026-07-13 00:34:41,4067.56,4067.61,0.050,5.0,1
2026-07-13 00:34:46,4064.87,4064.99,0.120,12.0,1
2026-07-13 00:34:51,4062.34,4062.46,0.120,12.0,1
2026-07-13 00:34:56,4061.67,4061.79,0.120,12.0,1
2026-07-13 00:35:01,4064.05,4064.17,0.120,12.0,1
2026-07-13 00:35:06,4064.34,4064.46,0.120,12.0,1
2026-07-13 00:35:11,4065.32,4065.44,0.120,12.0,1
2026-07-13 00:35:16,4065.63,4065.72,0.090,9.0,1
2026-07-13 00:35:21,4065.30,4065.41,0.110,11.0,1
2026-07-13 00:35:26,4067.46,4067.54,0.080,8.0,1
2026-07-13 00:35:31,4068.27,4068.36,0.090,9.0,1
2026-07-13 00:35:36,4067.84,4067.92,0.080,8.0,1
2026-07-13 00:35:41,4068.31,4068.36,0.050,5.0,1
2026-07-13 00:35:46,4068.18,4068.29,0.110,11.0,1
2026-07-13 00:35:51,4068.32,4068.37,0.050,5.0,1
2026-07-13 00:35:56,4068.61,4068.67,0.060,6.0,1
2026-07-13 00:36:01,4068.60,4068.65,0.050,5.0,1
2026-07-13 00:36:06,4069.28,4069.35,0.070,7.0,1
2026-07-13 00:36:11,4069.57,4069.63,0.060,6.0,1
2026-07-13 00:36:16,4069.64,4069.70,0.060,6.0,1
2026-07-13 00:36:21,4068.78,4068.86,0.080,8.0,1
2026-07-13 00:36:26,4069.61,4069.70,0.090,9.0,1
2026-07-13 00:36:31,4069.77,4069.87,0.100,10.0,1
2026-07-13 00:36:36,4069.06,4069.16,0.100,10.0,1
2026-07-13 00:36:41,4069.57,4069.67,0.100,10.0,1
2026-07-13 00:36:46,4068.73,4068.85,0.120,12.0,1
2026-07-13 00:36:51,4068.70,4068.79,0.090,9.0,1
2026-07-13 00:36:56,4069.07,4069.15,0.080,8.0,1
2026-07-13 00:37:01,4069.53,4069.62,0.090,9.0,1
2026-07-13 00:37:06,4069.89,4069.96,0.070,7.0,1
2026-07-13 00:37:11,4069.56,4069.68,0.120,12.0,1
2026-07-13 00:37:16,4069.50,4069.59,0.090,9.0,1
2026-07-13 00:37:21,4069.23,4069.31,0.080,8.0,1
2026-07-13 00:37:26,4069.85,4069.93,0.080,8.0,1
2026-07-13 00:37:31,4069.75,4069.85,0.100,10.0,1
2026-07-13 00:37:36,4069.90,4070.00,0.100,10.0,1
2026-07-13 00:37:41,4069.60,4069.69,0.090,9.0,1
2026-07-13 00:37:46,4069.58,4069.67,0.090,9.0,1
2026-07-13 00:37:51,4069.73,4069.79,0.060,6.0,1
2026-07-13 00:37:56,4069.56,4069.65,0.090,9.0,1
2026-07-13 00:38:01,4069.53,4069.60,0.070,7.0,1
2026-07-13 00:38:06,4069.91,4070.00,0.090,9.0,1
2026-07-13 00:38:11,4069.53,4069.65,0.120,12.0,1
2026-07-13 00:38:16,4069.96,4070.08,0.120,12.0,1
2026-07-13 00:38:21,4069.60,4069.70,0.100,10.0,1
2026-07-13 00:38:26,4069.75,4069.87,0.120,12.0,1
2026-07-13 00:38:31,4069.79,4069.89,0.100,10.0,1
2026-07-13 00:38:36,4069.41,4069.52,0.110,11.0,1
2026-07-13 00:38:41,4069.28,4069.38,0.100,10.0,1
2026-07-13 00:38:46,4068.36,4068.48,0.120,12.0,1
2026-07-13 00:38:51,4069.10,4069.22,0.120,12.0,1
2026-07-13 00:38:56,4069.12,4069.24,0.120,12.0,1
2026-07-13 00:39:01,4069.15,4069.25,0.100,10.0,1
2026-07-13 00:39:06,4068.41,4068.51,0.100,10.0,1
2026-07-13 00:39:11,4068.10,4068.18,0.080,8.0,1
2026-07-13 00:39:16,4067.49,4067.58,0.090,9.0,1
2026-07-13 00:39:21,4067.70,4067.77,0.070,7.0,1
2026-07-13 00:39:26,4068.15,4068.26,0.110,11.0,1
2026-07-13 00:39:31,4068.53,4068.63,0.100,10.0,1
2026-07-13 00:39:36,4068.49,4068.57,0.080,8.0,1
2026-07-13 00:39:41,4068.37,4068.46,0.090,9.0,1
2026-07-13 00:39:46,4069.18,4069.25,0.070,7.0,1
2026-07-13 00:39:51,4069.23,4069.32,0.090,9.0,1
2026-07-13 00:39:56,4069.25,4069.30,0.050,5.0,1
2026-07-13 00:40:01,4069.02,4069.07,0.050,5.0,1
2026-07-13 00:40:06,4068.92,4069.02,0.100,10.0,1
2026-07-13 00:40:11,4068.69,4068.79,0.100,10.0,1
2026-07-13 00:40:16,4068.30,4068.38,0.080,8.0,1
2026-07-13 00:40:21,4068.56,4068.67,0.110,11.0,1
2026-07-13 00:40:26,4068.60,4068.71,0.110,11.0,1
2026-07-13 00:40:31,4069.04,4069.16,0.120,12.0,1
2026-07-13 00:40:36,4068.52,4068.63,0.110,11.0,1
2026-07-13 00:40:41,4068.69,4068.81,0.120,12.0,1
2026-07-13 00:40:46,4068.45,4068.56,0.110,11.0,1
2026-07-13 00:40:51,4068.56,4068.67,0.110,11.0,1
2026-07-13 00:40:56,4068.84,4068.95,0.110,11.0,1
2026-07-13 00:41:01,4069.01,4069.07,0.060,6.0,1
2026-07-13 00:41:06,4068.77,4068.89,0.120,12.0,1
2026-07-13 00:41:11,4068.52,4068.60,0.080,8.0,1
2026-07-13 00:41:16,4068.95,4069.05,0.100,10.0,1
2026-07-13 00:41:21,4069.26,4069.34,0.080,8.0,1
2026-07-13 00:41:26,4068.71,4068.83,0.120,12.0,1
2026-07-13 00:41:31,4069.25,4069.37,0.120,12.0,1
2026-07-13 00:41:36,4069.19,4069.31,0.120,12.0,1
2026-07-13 00:41:41,4069.35,4069.43,0.080,8.0,1
2026-07-13 00:41:46,4070.03,4070.15,0.120,12.0,1
2026-07-13 00:41:51,4070.16,4070.27,0.110,11.0,1
2026-07-13 00:41:56,4070.06,4070.11,0.050,5.0,1
2026-07-13 00:42:01,4070.63,4070.74,0.110,11.0,1
2026-07-13 00:42:06,4070.91,4071.03,0.120,12.0,1
2026-07-13 00:42:11,4071.59,4071.71,0.120,12.0,1
2026-07-13 00:42:16,4071.70,4071.79,0.090,9.0,1
2026-07-13 00:42:21,4071.73,4071.78,0.050,5.0,1
2026-07-13 00:42:26,4071.72,4071.77,0.050,5.0,1
2026-07-13 00:42:31,4072.50,4072.59,0.090,9.0,1
2026-07-13 00:42:36,4072.70,4072.75,0.050,5.0,1
2026-07-13 00:42:41,4072.77,4072.82,0.050,5.0,1
2026-07-13 00:42:46,4073.30,4073.42,0.120,12.0,1
2026-07-13 00:42:51,4073.28,4073.40,0.120,12.0,1
2026-07-13 00:42:56,4073.15,4073.27,0.120,12.0,1
2026-07-13 00:43:01,4072.56,4072.68,0.120,12.0,1
2026-07-13 00:43:06,4072.50,4072.62,0.120,12.0,1
2026-07-13 00:43:11,4072.38,4072.43,0.050,5.0,1
2026-07-13 00:43:16,4072.07,4072.12,0.050,5.0,1
2026-07-13 00:43:21,4072.18,4072.30,0.120,12.0,1
2026-07-13 00:43:26,4072.08,4072.18,0.100,10.0,1
2026-07-13 00:43:31,4072.05,4072.12,0.070,7.0,1
2026-07-13 00:43:36,4072.52,4072.57,0.050,5.0,1
2026-07-13 00:43:41,4071.72,4071.84,0.120,12.0,1
2026-07-13 00:43:46,4071.70,4071.82,0.120,12.0,1
2026-07-13 00:43:51,4071.42,4071.47,0.050,5.0,1
2026-07-13 00:43:56,4071.17,4071.22,0.050,5.0,1
2026-07-13 00:44:01,4071.14,4071.19,0.050,5.0,1
2026-07-13 00:44:06,4070.88,4070.93,0.050,5.0,1
2026-07-13 00:44:11,4070.82,4070.87,0.050,5.0,1
2026-07-13 00:44:16,4071.16,4071.28,0.120,12.0,1
2026-07-13 00:44:21,4071.17,4071.29,0.120,12.0,1
2026-07-13 00:44:26,4071.02,4071.13,0.110,11.0,1
2026-07-13 00:44:31,4072.15,4072.27,0.120,12.0,1
2026-07-13 00:44:36,4071.53,4071.65,0.120,12.0,1
2026-07-13 00:44:41,4072.08,4072.18,0.100,10.0,1
2026-07-13 00:44:46,4072.10,4072.15,0.050,5.0,1
2026-07-13 00:44:51,4072.58,4072.63,0.050,5.0,1
2026-07-13 00:44:56,4073.31,4073.36,0.050,5.0,1
2026-07-13 00:45:01,4073.20,4073.26,0.060,6.0,1
2026-07-13 00:45:06,4073.51,4073.60,0.090,9.0,1
2026-07-13 00:45:11,4073.81,4073.86,0.050,5.0,1
2026-07-13 00:45:16,4073.88,4073.93,0.050,5.0,1
2026-07-13 00:45:21,4075.67,4075.79,0.120,12.0,1
2026-07-13 00:45:26,4075.85,4075.97,0.120,12.0,1
2026-07-13 00:45:31,4075.68,4075.79,0.110,11.0,1
2026-07-13 00:45:36,4075.25,4075.35,0.100,10.0,1
2026-07-13 00:45:41,4074.79,4074.89,0.100,10.0,1
2026-07-13 00:45:46,4075.69,4075.81,0.120,12.0,1
2026-07-13 00:45:51,4075.66,4075.76,0.100,10.0,1
2026-07-13 00:45:56,4075.51,4075.61,0.100,10.0,1
2026-07-13 00:46:01,4076.01,4076.11,0.100,10.0,1
2026-07-13 00:46:06,4076.14,4076.19,0.050,5.0,1
2026-07-13 00:46:11,4076.28,4076.33,0.050,5.0,1
2026-07-13 00:46:16,4075.85,4075.90,0.050,5.0,1
2026-07-13 00:46:21,4076.00,4076.12,0.120,12.0,1
2026-07-13 00:46:26,4075.96,4076.08,0.120,12.0,1
2026-07-13 00:46:31,4075.60,4075.67,0.070,7.0,1
2026-07-13 00:46:36,4075.27,4075.32,0.050,5.0,1
2026-07-13 00:46:41,4076.07,4076.17,0.100,10.0,1
2026-07-13 00:46:46,4075.15,4075.23,0.080,8.0,1
2026-07-13 00:46:51,4075.45,4075.57,0.120,12.0,1
2026-07-13 00:46:56,4075.13,4075.25,0.120,12.0,1
2026-07-13 00:47:01,4075.61,4075.70,0.090,9.0,1
2026-07-13 00:47:06,4075.30,4075.38,0.080,8.0,1
2026-07-13 00:47:11,4075.32,4075.37,0.050,5.0,1
2026-07-13 00:47:16,4075.21,4075.29,0.080,8.0,1
2026-07-13 00:47:21,4075.22,4075.27,0.050,5.0,1
2026-07-13 00:47:26,4075.29,4075.34,0.050,5.0,1
2026-07-13 00:47:31,4074.61,4074.73,0.120,12.0,1
2026-07-13 00:47:36,4074.55,4074.66,0.110,11.0,1
2026-07-13 00:47:41,4074.60,4074.65,0.050,5.0,1
2026-07-13 00:47:46,4074.68,4074.73,0.050,5.0,1
2026-07-13 00:47:51,4073.94,4073.99,0.050,5.0,1
2026-07-13 00:47:56,4074.06,4074.11,0.050,5.0,1
2026-07-13 00:48:01,4074.05,4074.12,0.070,7.0,1
2026-07-13 00:48:06,4074.27,4074.32,0.050,5.0,1
2026-07-13 00:48:11,4073.26,4073.38,0.120,12.0,1
2026-07-13 00:48:16,4073.32,4073.44,0.120,12.0,1
2026-07-13 00:48:21,4072.74,4072.85,0.110,11.0,1
2026-07-13 00:48:26,4073.25,4073.37,0.120,12.0,1
2026-07-13 00:48:31,4073.03,4073.09,0.060,6.0,1
2026-07-13 00:48:36,4073.20,4073.25,0.050,5.0,1
2026-07-13 00:48:41,4073.78,4073.83,0.050,5.0,1
2026-07-13 00:48:46,4073.89,4073.94,0.050,5.0,1
2026-07-13 00:48:51,4073.65,4073.70,0.050,5.0,1
2026-07-13 00:48:56,4073.54,4073.63,0.090,9.0,1
2026-07-13 00:49:01,4073.41,4073.49,0.080,8.0,1
2026-07-13 00:49:06,4073.22,4073.27,0.050,5.0,1
2026-07-13 00:49:11,4072.08,4072.20,0.120,12.0,1
2026-07-13 00:49:16,4071.88,4071.99,0.110,11.0,1
2026-07-13 00:49:21,4072.17,4072.27,0.100,10.0,1
2026-07-13 00:49:26,4071.59,4071.67,0.080,8.0,1
2026-07-13 00:49:31,4070.03,4070.15,0.120,12.0,1
2026-07-13 00:49:36,4070.52,4070.64,0.120,12.0,1
2026-07-13 00:49:41,4070.61,4070.71,0.100,10.0,1
2026-07-13 00:49:46,4070.52,4070.60,0.080,8.0,1
2026-07-13 00:49:51,4069.20,4069.32,0.120,12.0,1
2026-07-13 00:49:56,4069.12,4069.24,0.120,12.0,1
2026-07-13 00:50:01,4068.94,4069.06,0.120,12.0,1
2026-07-13 00:50:06,4069.57,4069.62,0.050,5.0,1
2026-07-13 00:50:11,4069.60,4069.72,0.120,12.0,1
2026-07-13 00:50:16,4070.42,4070.54,0.120,12.0,1
2026-07-13 00:50:21,4070.68,4070.80,0.120,12.0,1
2026-07-13 00:50:26,4070.33,4070.44,0.110,11.0,1
2026-07-13 00:50:31,4070.91,4071.02,0.110,11.0,1
2026-07-13 00:50:36,4071.93,4072.04,0.110,11.0,1
2026-07-13 00:50:41,4071.62,4071.71,0.090,9.0,1
2026-07-13 00:50:46,4071.71,4071.77,0.060,6.0,1
2026-07-13 00:50:51,4071.86,4071.91,0.050,5.0,1
2026-07-13 00:50:56,4071.66,4071.71,0.050,5.0,1
2026-07-13 00:51:01,4072.89,4073.01,0.120,12.0,1
2026-07-13 00:51:06,4073.33,4073.45,0.120,12.0,1
2026-07-13 00:51:11,4073.02,4073.14,0.120,12.0,1
2026-07-13 00:51:16,4072.78,4072.90,0.120,12.0,1
2026-07-13 00:51:21,4072.61,4072.68,0.070,7.0,1
2026-07-13 00:51:26,4072.39,4072.44,0.050,5.0,1
2026-07-13 00:51:31,4074.11,4074.23,0.120,12.0,1
2026-07-13 00:51:36,4073.18,4073.30,0.120,12.0,1
2026-07-13 00:51:41,4072.94,4073.06,0.120,12.0,1
2026-07-13 00:51:46,4072.65,4072.73,0.080,8.0,1
2026-07-13 00:51:51,4072.43,4072.48,0.050,5.0,1
2026-07-13 00:51:56,4072.66,4072.78,0.120,12.0,1
2026-07-13 00:52:01,4072.37,4072.42,0.050,5.0,1
2026-07-13 00:52:06,4072.28,4072.33,0.050,5.0,1
2026-07-13 00:52:11,4071.38,4071.43,0.050,5.0,1
2026-07-13 00:52:16,4070.90,4070.95,0.050,5.0,1
2026-07-13 00:52:21,4071.00,4071.05,0.050,5.0,1
2026-07-13 00:52:26,4071.35,4071.40,0.050,5.0,1
2026-07-13 00:52:31,4071.42,4071.47,0.050,5.0,1
2026-07-13 00:52:36,4072.86,4072.98,0.120,12.0,1
2026-07-13 00:52:41,4072.20,4072.32,0.120,12.0,1
2026-07-13 00:52:46,4072.53,4072.63,0.100,10.0,1
2026-07-13 00:52:51,4073.01,4073.06,0.050,5.0,1
2026-07-13 00:52:56,4074.13,4074.25,0.120,12.0,1
2026-07-13 00:53:01,4074.20,4074.25,0.050,5.0,1
2026-07-13 00:53:06,4073.55,4073.64,0.090,9.0,1
2026-07-13 00:53:11,4073.35,4073.40,0.050,5.0,1
2026-07-13 00:53:16,4073.23,4073.33,0.100,10.0,1
2026-07-13 00:53:21,4072.92,4072.99,0.070,7.0,1
2026-07-13 00:53:26,4073.28,4073.37,0.090,9.0,1
2026-07-13 00:53:31,4072.92,4073.01,0.090,9.0,1
2026-07-13 00:53:36,4071.71,4071.83,0.120,12.0,1
2026-07-13 00:53:41,4072.23,4072.34,0.110,11.0,1
2026-07-13 00:53:46,4072.71,4072.83,0.120,12.0,1
2026-07-13 00:53:51,4072.68,4072.77,0.090,9.0,1
2026-07-13 00:53:56,4073.03,4073.08,0.050,5.0,1
2026-07-13 00:54:01,4073.09,4073.21,0.120,12.0,1
2026-07-13 00:54:06,4073.31,4073.36,0.050,5.0,1
2026-07-13 00:54:11,4072.68,4072.76,0.080,8.0,1
2026-07-13 00:54:16,4073.07,4073.12,0.050,5.0,1
2026-07-13 00:54:21,4073.05,4073.12,0.070,7.0,1
2026-07-13 00:54:26,4072.99,4073.08,0.090,9.0,1
2026-07-13 00:54:31,4073.25,4073.31,0.060,6.0,1
2026-07-13 00:54:36,4073.30,4073.36,0.060,6.0,1
2026-07-13 00:54:41,4073.57,4073.64,0.070,7.0,1
2026-07-13 00:54:46,4074.39,4074.48,0.090,9.0,1
2026-07-13 00:54:51,4074.47,4074.54,0.070,7.0,1
2026-07-13 00:54:56,4074.46,4074.51,0.050,5.0,1
2026-07-13 00:55:01,4074.19,4074.27,0.080,8.0,1
2026-07-13 00:55:06,4074.01,4074.10,0.090,9.0,1
2026-07-13 00:55:11,4074.11,4074.18,0.070,7.0,1
2026-07-13 00:55:16,4073.95,4074.04,0.090,9.0,1
2026-07-13 00:55:21,4073.63,4073.73,0.100,10.0,1
2026-07-13 00:55:26,4073.70,4073.77,0.070,7.0,1
2026-07-13 00:55:31,4073.47,4073.55,0.080,8.0,1
2026-07-13 00:55:36,4073.64,4073.72,0.080,8.0,1
2026-07-13 00:55:41,4074.54,4074.66,0.120,12.0,1
2026-07-13 00:55:46,4075.12,4075.22,0.100,10.0,1
2026-07-13 00:55:51,4074.97,4075.07,0.100,10.0,1
2026-07-13 00:55:56,4075.26,4075.36,0.100,10.0,1
2026-07-13 00:56:01,4075.93,4076.03,0.100,10.0,1
2026-07-13 00:56:06,4075.50,4075.60,0.100,10.0,1
2026-07-13 00:56:11,4075.41,4075.50,0.090,9.0,1
2026-07-13 00:56:16,4075.77,4075.89,0.120,12.0,1
2026-07-13 00:56:21,4075.80,4075.92,0.120,12.0,1
2026-07-13 00:56:26,4075.92,4076.04,0.120,12.0,1
2026-07-13 00:56:31,4075.51,4075.63,0.120,12.0,1
2026-07-13 00:56:36,4075.42,4075.52,0.100,10.0,1
2026-07-13 00:56:41,4075.75,4075.86,0.110,11.0,1
2026-07-13 00:56:46,4075.85,4075.91,0.060,6.0,1
2026-07-13 00:56:51,4075.74,4075.79,0.050,5.0,1
2026-07-13 00:56:56,4076.03,4076.10,0.070,7.0,1
2026-07-13 00:57:01,4076.60,4076.69,0.090,9.0,1
2026-07-13 00:57:06,4076.14,4076.26,0.120,12.0,1
2026-07-13 00:57:11,4075.95,4076.07,0.120,12.0,1
2026-07-13 00:57:16,4076.31,4076.43,0.120,12.0,1
2026-07-13 00:57:21,4076.56,4076.68,0.120,12.0,1
2026-07-13 00:57:26,4076.59,4076.68,0.090,9.0,1
2026-07-13 00:57:31,4076.22,4076.28,0.060,6.0,1
2026-07-13 00:57:36,4075.82,4075.87,0.050,5.0,1
2026-07-13 00:57:41,4075.63,4075.75,0.120,12.0,1
2026-07-13 00:57:46,4075.60,4075.70,0.100,10.0,1
2026-07-13 00:57:51,4075.75,4075.80,0.050,5.0,1
2026-07-13 00:57:56,4076.23,4076.29,0.060,6.0,1
2026-07-13 00:58:01,4076.16,4076.21,0.050,5.0,1
2026-07-13 00:58:06,4075.91,4075.96,0.050,5.0,1
2026-07-13 00:58:11,4077.16,4077.28,0.120,12.0,1
2026-07-13 00:58:16,4077.12,4077.24,0.120,12.0,1
2026-07-13 00:58:21,4077.12,4077.21,0.090,9.0,1
2026-07-13 00:58:26,4077.23,4077.29,0.060,6.0,1
2026-07-13 00:58:31,4077.29,4077.38,0.090,9.0,1
2026-07-13 00:58:36,4077.04,4077.09,0.050,5.0,1
2026-07-13 00:58:41,4076.77,4076.82,0.050,5.0,1
2026-07-13 00:58:46,4076.39,4076.44,0.050,5.0,1
2026-07-13 00:58:51,4076.82,4076.94,0.120,12.0,1
2026-07-13 00:58:56,4076.93,4077.00,0.070,7.0,1
2026-07-13 00:59:01,4073.90,4074.02,0.120,12.0,1
2026-07-13 00:59:06,4074.94,4075.06,0.120,12.0,1
2026-07-13 00:59:11,4073.91,4074.03,0.120,12.0,1
2026-07-13 00:59:16,4073.82,4073.94,0.120,12.0,1
2026-07-13 00:59:21,4074.36,4074.46,0.100,10.0,1
2026-07-13 00:59:26,4073.81,4073.93,0.120,12.0,1
2026-07-13 00:59:31,4073.91,4074.01,0.100,10.0,1
2026-07-13 00:59:36,4074.14,4074.23,0.090,9.0,1
2026-07-13 00:59:41,4073.35,4073.45,0.100,10.0,1
2026-07-13 00:59:46,4074.38,4074.50,0.120,12.0,1
2026-07-13 00:59:51,4073.95,4074.07,0.120,12.0,1
2026-07-13 00:59:56,4074.01,4074.10,0.090,9.0,1
2026-07-13 01:00:01,4072.45,4072.57,0.120,12.0,1
2026-07-13 01:00:06,4067.25,4067.37,0.120,12.0,1
2026-07-13 01:00:11,4069.88,4070.00,0.120,12.0,1
2026-07-13 01:00:16,4067.43,4067.55,0.120,12.0,1
2026-07-13 01:00:21,4068.26,4068.38,0.120,12.0,1
2026-07-13 01:00:26,4069.90,4070.02,0.120,12.0,1
2026-07-13 01:00:31,4068.69,4068.79,0.100,10.0,1
2026-07-13 01:00:36,4067.18,4067.30,0.120,12.0,1
2026-07-13 01:00:41,4068.48,4068.58,0.100,10.0,1
2026-07-13 01:00:46,4068.90,4069.01,0.110,11.0,1
2026-07-13 01:00:51,4068.03,4068.14,0.110,11.0,1
2026-07-13 01:00:56,4068.18,4068.29,0.110,11.0,1
2026-07-13 01:01:01,4068.36,4068.46,0.100,10.0,1
2026-07-13 01:01:06,4066.39,4066.49,0.100,10.0,1
2026-07-13 01:01:11,4067.00,4067.12,0.120,12.0,1
2026-07-13 01:01:16,4067.38,4067.49,0.110,11.0,1
2026-07-13 01:01:21,4067.13,4067.25,0.120,12.0,1
2026-07-13 01:01:26,4067.27,4067.38,0.110,11.0,1
2026-07-13 01:01:31,4068.02,4068.13,0.110,11.0,1
2026-07-13 01:01:36,4068.94,4069.02,0.080,8.0,1
2026-07-13 01:01:41,4068.41,4068.49,0.080,8.0,1
2026-07-13 01:01:46,4067.17,4067.24,0.070,7.0,1
2026-07-13 01:01:51,4067.17,4067.25,0.080,8.0,1
2026-07-13 01:01:56,4066.34,4066.44,0.100,10.0,1
2026-07-13 01:02:01,4066.95,4067.04,0.090,9.0,1
2026-07-13 01:02:06,4066.35,4066.46,0.110,11.0,1
2026-07-13 01:02:11,4068.15,4068.24,0.090,9.0,1
2026-07-13 01:02:16,4067.93,4068.02,0.090,9.0,1
2026-07-13 01:02:21,4069.37,4069.48,0.110,11.0,1
2026-07-13 01:02:26,4068.78,4068.88,0.100,10.0,1
2026-07-13 01:02:31,4069.77,4069.85,0.080,8.0,1
2026-07-13 01:02:36,4069.98,4070.09,0.110,11.0,1
2026-07-13 01:02:41,4070.29,4070.41,0.120,12.0,1
2026-07-13 01:02:46,4070.13,4070.22,0.090,9.0,1
2026-07-13 01:02:51,4071.32,4071.39,0.070,7.0,1
2026-07-13 01:02:56,4071.17,4071.26,0.090,9.0,1
2026-07-13 01:03:01,4069.82,4069.92,0.100,10.0,1
2026-07-13 01:03:06,4070.62,4070.72,0.100,10.0,1
2026-07-13 01:03:11,4071.72,4071.82,0.100,10.0,1
2026-07-13 01:03:16,4072.93,4073.02,0.090,9.0,1
2026-07-13 01:03:21,4073.26,4073.35,0.090,9.0,1
2026-07-13 01:03:26,4073.59,4073.69,0.100,10.0,1
2026-07-13 01:03:31,4073.92,4073.99,0.070,7.0,1
2026-07-13 01:03:36,4075.13,4075.19,0.060,6.0,1
2026-07-13 01:03:41,4075.07,4075.18,0.110,11.0,1
2026-07-13 01:03:46,4075.89,4076.01,0.120,12.0,1
2026-07-13 01:03:51,4076.29,4076.39,0.100,10.0,1
2026-07-13 01:03:56,4075.56,4075.68,0.120,12.0,1
2026-07-13 01:04:01,4073.34,4073.91,0.570,57.0,1
2026-07-13 01:04:06,4073.27,4073.39,0.120,12.0,1
2026-07-13 01:04:11,4073.67,4073.79,0.120,12.0,1
2026-07-13 01:04:16,4073.55,4073.63,0.080,8.0,1
2026-07-13 01:04:21,4072.72,4072.79,0.070,7.0,1
2026-07-13 01:04:26,4071.02,4071.14,0.120,12.0,1
2026-07-13 01:04:31,4070.36,4070.48,0.120,12.0,1
2026-07-13 01:04:36,4070.54,4070.63,0.090,9.0,1
2026-07-13 01:04:41,4070.85,4070.95,0.100,10.0,1
2026-07-13 01:04:46,4071.02,4071.11,0.090,9.0,1
2026-07-13 01:04:51,4071.11,4071.17,0.060,6.0,1
2026-07-13 01:04:56,4071.19,4071.24,0.050,5.0,1
2026-07-13 01:05:01,4071.23,4071.31,0.080,8.0,1
2026-07-13 01:05:06,4070.47,4070.58,0.110,11.0,1
2026-07-13 01:05:11,4071.31,4071.39,0.080,8.0,1
2026-07-13 01:05:16,4071.85,4071.93,0.080,8.0,1
2026-07-13 01:05:21,4072.72,4072.82,0.100,10.0,1
2026-07-13 01:05:26,4073.30,4073.42,0.120,12.0,1
2026-07-13 01:05:31,4072.95,4073.07,0.120,12.0,1
2026-07-13 01:05:36,4072.36,4072.48,0.120,12.0,1
2026-07-13 01:05:41,4072.26,4072.38,0.120,12.0,1
2026-07-13 01:05:46,4072.11,4072.16,0.050,5.0,1
2026-07-13 01:05:51,4072.52,4072.58,0.060,6.0,1
2026-07-13 01:05:56,4072.75,4072.80,0.050,5.0,1
2026-07-13 01:06:01,4072.28,4072.34,0.060,6.0,1
2026-07-13 01:06:06,4071.73,4071.84,0.110,11.0,1
2026-07-13 01:06:11,4072.81,4072.91,0.100,10.0,1
2026-07-13 01:06:16,4073.13,4073.19,0.060,6.0,1
2026-07-13 01:06:21,4073.85,4073.91,0.060,6.0,1
2026-07-13 01:06:26,4073.27,4073.39,0.120,12.0,1
2026-07-13 01:06:31,4072.91,4072.99,0.080,8.0,1
2026-07-13 01:06:36,4073.00,4073.10,0.100,10.0,1
2026-07-13 01:06:41,4072.88,4072.96,0.080,8.0,1
2026-07-13 01:06:46,4072.90,4072.95,0.050,5.0,1
2026-07-13 01:06:51,4073.76,4073.86,0.100,10.0,1
2026-07-13 01:06:56,4073.80,4073.89,0.090,9.0,1
2026-07-13 01:07:01,4074.10,4074.18,0.080,8.0,1
2026-07-13 01:07:06,4075.25,4075.37,0.120,12.0,1
2026-07-13 01:07:11,4075.04,4075.16,0.120,12.0,1
2026-07-13 01:07:16,4075.40,4075.50,0.100,10.0,1
2026-07-13 01:07:21,4075.12,4075.20,0.080,8.0,1
2026-07-13 01:07:26,4075.10,4075.15,0.050,5.0,1
2026-07-13 01:07:31,4075.57,4075.62,0.050,5.0,1
2026-07-13 01:07:36,4076.22,4076.34,0.120,12.0,1
2026-07-13 01:07:41,4076.54,4076.64,0.100,10.0,1
2026-07-13 01:07:46,4077.01,4077.08,0.070,7.0,1
2026-07-13 01:07:51,4078.96,4079.06,0.100,10.0,1
2026-07-13 01:07:56,4079.43,4079.55,0.120,12.0,1
2026-07-13 01:08:01,4079.41,4079.53,0.120,12.0,1
2026-07-13 01:08:06,4079.63,4079.75,0.120,12.0,1
2026-07-13 01:08:11,4079.41,4079.49,0.080,8.0,1
2026-07-13 01:08:16,4079.21,4079.26,0.050,5.0,1
2026-07-13 01:08:21,4078.64,4078.69,0.050,5.0,1
2026-07-13 01:08:26,4078.61,4078.69,0.080,8.0,1
2026-07-13 01:08:31,4078.92,4078.97,0.050,5.0,1
2026-07-13 01:08:36,4078.16,4078.21,0.050,5.0,1
2026-07-13 01:08:41,4078.17,4078.22,0.050,5.0,1
2026-07-13 01:08:46,4078.23,4078.35,0.120,12.0,1
2026-07-13 01:08:51,4079.13,4079.25,0.120,12.0,1
2026-07-13 01:08:56,4079.47,4079.59,0.120,12.0,1
2026-07-13 01:09:01,4079.45,4079.53,0.080,8.0,1
2026-07-13 01:09:06,4080.19,4080.31,0.120,12.0,1
2026-07-13 01:09:11,4080.41,4080.46,0.050,5.0,1
2026-07-13 01:09:16,4080.35,4080.47,0.120,12.0,1
2026-07-13 01:09:21,4079.74,4079.86,0.120,12.0,1
2026-07-13 01:09:26,4080.01,4080.06,0.050,5.0,1
2026-07-13 01:09:31,4080.05,4080.10,0.050,5.0,1
2026-07-13 01:09:36,4078.81,4078.93,0.120,12.0,1
2026-07-13 01:09:41,4078.74,4078.79,0.050,5.0,1
2026-07-13 01:09:46,4078.19,4078.25,0.060,6.0,1
2026-07-13 01:09:51,4077.51,4077.56,0.050,5.0,1
2026-07-13 01:09:56,4078.03,4078.15,0.120,12.0,1
2026-07-13 01:10:01,4077.51,4077.63,0.120,12.0,1
2026-07-13 01:10:06,4077.34,4077.41,0.070,7.0,1
2026-07-13 01:10:11,4076.91,4077.03,0.120,12.0,1
2026-07-13 01:10:16,4077.08,4077.14,0.060,6.0,1
2026-07-13 01:10:21,4078.26,4078.35,0.090,9.0,1
2026-07-13 01:10:26,4078.15,4078.20,0.050,5.0,1
2026-07-13 01:10:31,4078.58,4078.63,0.050,5.0,1
2026-07-13 01:10:36,4079.10,4079.15,0.050,5.0,1
2026-07-13 01:10:41,4078.64,4078.76,0.120,12.0,1
2026-07-13 01:10:46,4079.00,4079.05,0.050,5.0,1
2026-07-13 01:10:51,4079.32,4079.41,0.090,9.0,1
2026-07-13 01:10:56,4078.89,4078.95,0.060,6.0,1
2026-07-13 01:11:01,4078.70,4078.75,0.050,5.0,1
2026-07-13 01:11:06,4078.43,4078.48,0.050,5.0,1
2026-07-13 01:11:11,4079.37,4079.44,0.070,7.0,1
2026-07-13 01:11:16,4080.31,4080.43,0.120,12.0,1
2026-07-13 01:11:21,4079.92,4080.04,0.120,12.0,1
2026-07-13 01:11:26,4079.55,4079.67,0.120,12.0,1
2026-07-13 01:11:31,4079.71,4079.81,0.100,10.0,1
2026-07-13 01:11:36,4079.84,4079.89,0.050,5.0,1
2026-07-13 01:11:41,4079.85,4079.90,0.050,5.0,1
2026-07-13 01:11:46,4079.76,4079.81,0.050,5.0,1
2026-07-13 01:11:51,4080.22,4080.27,0.050,5.0,1
2026-07-13 01:11:56,4080.34,4080.39,0.050,5.0,1
2026-07-13 01:12:01,4079.59,4079.70,0.110,11.0,1
2026-07-13 01:12:06,4079.22,4079.34,0.120,12.0,1
2026-07-13 01:12:11,4079.44,4079.56,0.120,12.0,1
2026-07-13 01:12:16,4079.47,4079.52,0.050,5.0,1
2026-07-13 01:12:21,4079.21,4079.26,0.050,5.0,1
2026-07-13 01:12:26,4079.36,4079.41,0.050,5.0,1
2026-07-13 01:12:31,4079.31,4079.36,0.050,5.0,1
2026-07-13 01:12:36,4079.64,4079.69,0.050,5.0,1
2026-07-13 01:12:41,4079.58,4079.66,0.080,8.0,1
2026-07-13 01:12:46,4080.34,4080.45,0.110,11.0,1
2026-07-13 01:12:51,4078.92,4079.04,0.120,12.0,1
2026-07-13 01:12:56,4079.00,4079.12,0.120,12.0,1
2026-07-13 01:13:01,4079.40,4079.52,0.120,12.0,1
2026-07-13 01:13:06,4079.50,4079.62,0.120,12.0,1
2026-07-13 01:13:11,4078.80,4078.92,0.120,12.0,1
2026-07-13 01:13:16,4078.82,4078.94,0.120,12.0,1
2026-07-13 01:13:21,4078.84,4078.94,0.100,10.0,1
2026-07-13 01:13:26,4079.03,4079.08,0.050,5.0,1
2026-07-13 01:13:31,4079.39,4079.45,0.060,6.0,1
2026-07-13 01:13:36,4079.27,4079.38,0.110,11.0,1
2026-07-13 01:13:41,4079.18,4079.25,0.070,7.0,1
2026-07-13 01:13:46,4079.46,4079.51,0.050,5.0,1
2026-07-13 01:13:51,4079.29,4079.34,0.050,5.0,1
2026-07-13 01:13:56,4079.64,4079.69,0.050,5.0,1
2026-07-13 01:14:01,4079.73,4079.82,0.090,9.0,1
2026-07-13 01:14:06,4079.50,4079.55,0.050,5.0,1
2026-07-13 01:14:11,4079.52,4079.57,0.050,5.0,1
2026-07-13 01:14:16,4079.59,4079.64,0.050,5.0,1
2026-07-13 01:14:21,4079.92,4080.04,0.120,12.0,1
2026-07-13 01:14:26,4079.03,4079.15,0.120,12.0,1
2026-07-13 01:14:31,4078.67,4078.79,0.120,12.0,1
2026-07-13 01:14:36,4080.15,4080.27,0.120,12.0,1
2026-07-13 01:14:41,4080.03,4080.14,0.110,11.0,1
2026-07-13 01:14:46,4080.03,4080.08,0.050,5.0,1
2026-07-13 01:14:51,4079.53,4079.65,0.120,12.0,1
2026-07-13 01:14:56,4079.77,4079.85,0.080,8.0,1
2026-07-13 01:15:01,4079.54,4079.59,0.050,5.0,1
2026-07-13 01:15:06,4079.42,4079.47,0.050,5.0,1
2026-07-13 01:15:11,4079.72,4079.77,0.050,5.0,1
2026-07-13 01:15:16,4080.36,4080.46,0.100,10.0,1
2026-07-13 01:15:21,4081.30,4081.42,0.120,12.0,1
2026-07-13 01:15:26,4080.88,4081.00,0.120,12.0,1
2026-07-13 01:15:31,4080.43,4080.54,0.110,11.0,1
2026-07-13 01:15:36,4080.49,4080.60,0.110,11.0,1
2026-07-13 01:15:41,4080.88,4080.95,0.070,7.0,1
2026-07-13 01:15:46,4079.93,4080.05,0.120,12.0,1
2026-07-13 01:15:51,4080.14,4080.26,0.120,12.0,1
2026-07-13 01:15:56,4080.23,4080.29,0.060,6.0,1
2026-07-13 01:16:01,4080.99,4081.11,0.120,12.0,1
2026-07-13 01:16:06,4080.96,4081.03,0.070,7.0,1
2026-07-13 01:16:11,4080.96,4081.03,0.070,7.0,1
2026-07-13 01:16:16,4080.58,4080.67,0.090,9.0,1
2026-07-13 01:16:21,4079.95,4080.05,0.100,10.0,1
2026-07-13 01:16:26,4078.20,4078.32,0.120,12.0,1
2026-07-13 01:16:31,4078.01,4078.11,0.100,10.0,1
2026-07-13 01:16:36,4077.85,4077.92,0.070,7.0,1
2026-07-13 01:16:41,4077.98,4078.07,0.090,9.0,1
2026-07-13 01:16:46,4078.03,4078.08,0.050,5.0,1
2026-07-13 01:16:51,4077.94,4077.99,0.050,5.0,1
2026-07-13 01:16:56,4077.37,4077.42,0.050,5.0,1
2026-07-13 01:17:01,4077.31,4077.43,0.120,12.0,1
2026-07-13 01:17:06,4076.98,4077.09,0.110,11.0,1
2026-07-13 01:17:11,4075.96,4076.08,0.120,12.0,1
2026-07-13 01:17:16,4075.03,4075.15,0.120,12.0,1
2026-07-13 01:17:21,4074.63,4074.74,0.110,11.0,1
2026-07-13 01:17:26,4074.79,4074.91,0.120,12.0,1
2026-07-13 01:17:31,4074.82,4074.89,0.070,7.0,1
2026-07-13 01:17:36,4074.85,4074.92,0.070,7.0,1
2026-07-13 01:17:41,4073.90,4074.02,0.120,12.0,1
2026-07-13 01:17:46,4073.92,4074.04,0.120,12.0,1
2026-07-13 01:17:51,4073.95,4074.07,0.120,12.0,1
2026-07-13 01:17:56,4073.07,4073.12,0.050,5.0,1
2026-07-13 01:18:01,4073.35,4073.43,0.080,8.0,1
2026-07-13 01:18:06,4073.53,4073.65,0.120,12.0,1
2026-07-13 01:18:11,4073.57,4073.62,0.050,5.0,1
2026-07-13 01:18:16,4073.42,4073.54,0.120,12.0,1
2026-07-13 01:18:21,4073.67,4073.79,0.120,12.0,1
2026-07-13 01:18:26,4073.53,4073.58,0.050,5.0,1
2026-07-13 01:18:31,4073.33,4073.45,0.120,12.0,1
2026-07-13 01:18:36,4073.79,4073.89,0.100,10.0,1
2026-07-13 01:18:41,4074.07,4074.19,0.120,12.0,1
2026-07-13 01:18:46,4073.68,4073.80,0.120,12.0,1
2026-07-13 01:18:51,4074.09,4074.14,0.050,5.0,1
2026-07-13 01:18:56,4074.32,4074.38,0.060,6.0,1
2026-07-13 01:19:01,4073.94,4074.06,0.120,12.0,1
2026-07-13 01:19:06,4073.78,4073.83,0.050,5.0,1
2026-07-13 01:19:11,4074.14,4074.25,0.110,11.0,1
2026-07-13 01:19:16,4074.28,4074.35,0.070,7.0,1
2026-07-13 01:19:21,4074.27,4074.32,0.050,5.0,1
2026-07-13 01:19:26,4075.03,4075.08,0.050,5.0,1
2026-07-13 01:19:31,4075.47,4075.52,0.050,5.0,1
2026-07-13 01:19:36,4074.68,4074.73,0.050,5.0,1
2026-07-13 01:19:41,4073.04,4073.16,0.120,12.0,1
2026-07-13 01:19:46,4073.29,4073.41,0.120,12.0,1
2026-07-13 01:19:51,4073.23,4073.35,0.120,12.0,1
2026-07-13 01:19:56,4073.40,4073.52,0.120,12.0,1
2026-07-13 01:20:01,4073.64,4073.69,0.050,5.0,1
2026-07-13 01:20:06,4073.46,4073.51,0.050,5.0,1
2026-07-13 01:20:11,4074.53,4074.65,0.120,12.0,1
2026-07-13 01:20:16,4075.26,4075.38,0.120,12.0,1
2026-07-13 01:20:21,4075.27,4075.39,0.120,12.0,1
2026-07-13 01:20:26,4075.59,4075.69,0.100,10.0,1
2026-07-13 01:20:31,4075.95,4076.07,0.120,12.0,1
2026-07-13 01:20:36,4076.20,4076.28,0.080,8.0,1
2026-07-13 01:20:41,4075.78,4075.83,0.050,5.0,1
2026-07-13 01:20:46,4075.91,4076.01,0.100,10.0,1
2026-07-13 01:20:51,4076.09,4076.19,0.100,10.0,1
2026-07-13 01:20:56,4075.55,4075.60,0.050,5.0,1
2026-07-13 01:21:01,4076.06,4076.18,0.120,12.0,1
2026-07-13 01:21:06,4076.15,4076.27,0.120,12.0,1
2026-07-13 01:21:11,4075.75,4075.86,0.110,11.0,1
2026-07-13 01:21:16,4075.12,4075.24,0.120,12.0,1
2026-07-13 01:21:21,4075.11,4075.23,0.120,12.0,1
2026-07-13 01:21:26,4073.79,4073.91,0.120,12.0,1
2026-07-13 01:21:31,4074.28,4074.40,0.120,12.0,1
2026-07-13 01:21:36,4073.17,4073.22,0.050,5.0,1
2026-07-13 01:21:41,4072.95,4073.07,0.120,12.0,1
2026-07-13 01:21:46,4072.84,4072.89,0.050,5.0,1
2026-07-13 01:21:51,4073.15,4073.20,0.050,5.0,1
2026-07-13 01:21:56,4071.60,4071.72,0.120,12.0,1
2026-07-13 01:22:01,4072.01,4072.12,0.110,11.0,1
2026-07-13 01:22:06,4072.62,4072.69,0.070,7.0,1
2026-07-13 01:22:11,4072.12,4072.17,0.050,5.0,1
2026-07-13 01:22:16,4072.57,4072.62,0.050,5.0,1
2026-07-13 01:22:21,4071.27,4071.37,0.100,10.0,1
2026-07-13 01:22:26,4071.46,4071.58,0.120,12.0,1
2026-07-13 01:22:31,4071.62,4071.67,0.050,5.0,1
2026-07-13 01:22:36,4072.06,4072.11,0.050,5.0,1
2026-07-13 01:22:41,4072.51,4072.57,0.060,6.0,1
2026-07-13 01:22:46,4071.77,4071.89,0.120,12.0,1
2026-07-13 01:22:51,4072.31,4072.37,0.060,6.0,1
2026-07-13 01:22:56,4072.53,4072.58,0.050,5.0,1
2026-07-13 01:23:01,4072.84,4072.96,0.120,12.0,1
2026-07-13 01:23:06,4073.78,4073.90,0.120,12.0,1
2026-07-13 01:23:11,4074.19,4074.28,0.090,9.0,1
2026-07-13 01:23:16,4073.95,4074.03,0.080,8.0,1
2026-07-13 01:23:21,4074.53,4074.65,0.120,12.0,1
2026-07-13 01:23:26,4074.54,4074.59,0.050,5.0,1
2026-07-13 01:23:31,4074.03,4074.08,0.050,5.0,1
2026-07-13 01:23:36,4073.67,4073.73,0.060,6.0,1
2026-07-13 01:23:41,4073.81,4073.93,0.120,12.0,1
2026-07-13 01:23:46,4073.72,4073.84,0.120,12.0,1
2026-07-13 01:23:51,4073.57,4073.62,0.050,5.0,1
2026-07-13 01:23:56,4073.22,4073.32,0.100,10.0,1
2026-07-13 01:24:01,4073.55,4073.64,0.090,9.0,1
2026-07-13 01:24:06,4073.67,4073.79,0.120,12.0,1
2026-07-13 01:24:11,4073.26,4073.38,0.120,12.0,1
2026-07-13 01:24:16,4074.60,4074.72,0.120,12.0,1
2026-07-13 01:24:21,4074.39,4074.48,0.090,9.0,1
2026-07-13 01:24:26,4072.49,4072.61,0.120,12.0,1
2026-07-13 01:24:31,4072.27,4072.39,0.120,12.0,1
2026-07-13 01:24:36,4072.34,4072.46,0.120,12.0,1
2026-07-13 01:24:41,4072.65,4072.77,0.120,12.0,1
2026-07-13 01:24:46,4073.95,4074.07,0.120,12.0,1
2026-07-13 01:24:51,4073.95,4074.07,0.120,12.0,1
2026-07-13 01:24:56,4074.14,4074.24,0.100,10.0,1
2026-07-13 01:25:01,4074.81,4074.88,0.070,7.0,1
2026-07-13 01:25:06,4075.66,4075.72,0.060,6.0,1
2026-07-13 01:25:11,4075.72,4075.80,0.080,8.0,1
2026-07-13 01:25:16,4076.76,4076.82,0.060,6.0,1
2026-07-13 01:25:21,4077.49,4077.60,0.110,11.0,1
2026-07-13 01:25:26,4076.92,4077.04,0.120,12.0,1
2026-07-13 01:25:31,4077.31,4077.43,0.120,12.0,1
2026-07-13 01:25:36,4076.92,4076.98,0.060,6.0,1
2026-07-13 01:25:41,4076.87,4076.92,0.050,5.0,1
2026-07-13 01:25:46,4077.43,4077.48,0.050,5.0,1
2026-07-13 01:25:51,4077.40,4077.48,0.080,8.0,1
2026-07-13 01:25:56,4077.55,4077.60,0.050,5.0,1
2026-07-13 01:26:01,4077.24,4077.36,0.120,12.0,1
2026-07-13 01:26:06,4077.07,4077.19,0.120,12.0,1
2026-07-13 01:26:11,4076.85,4076.96,0.110,11.0,1
2026-07-13 01:26:16,4076.74,4076.85,0.110,11.0,1
2026-07-13 01:26:21,4076.60,4076.65,0.050,5.0,1
2026-07-13 01:26:26,4076.50,4076.55,0.050,5.0,1
2026-07-13 01:26:31,4076.38,4076.43,0.050,5.0,1
2026-07-13 01:26:36,4076.02,4076.07,0.050,5.0,1
2026-07-13 01:26:41,4076.08,4076.20,0.120,12.0,1
2026-07-13 01:26:46,4076.47,4076.59,0.120,12.0,1
2026-07-13 01:26:51,4076.79,4076.84,0.050,5.0,1
2026-07-13 01:26:56,4076.47,4076.53,0.060,6.0,1
2026-07-13 01:27:01,4076.76,4076.85,0.090,9.0,1
2026-07-13 01:27:06,4077.40,4077.47,0.070,7.0,1
2026-07-13 01:27:11,4077.97,4078.06,0.090,9.0,1
2026-07-13 01:27:16,4078.30,4078.42,0.120,12.0,1
2026-07-13 01:27:21,4078.21,4078.29,0.080,8.0,1
2026-07-13 01:27:26,4077.54,4077.65,0.110,11.0,1
2026-07-13 01:27:31,4078.37,4078.49,0.120,12.0,1
2026-07-13 01:27:36,4078.01,4078.13,0.120,12.0,1
2026-07-13 01:27:41,4078.86,4078.98,0.120,12.0,1
2026-07-13 01:27:46,4078.97,4079.09,0.120,12.0,1
2026-07-13 01:27:51,4078.69,4078.77,0.080,8.0,1
2026-07-13 01:27:56,4077.92,4077.98,0.060,6.0,1
2026-07-13 01:28:01,4077.43,4077.48,0.050,5.0,1
2026-07-13 01:28:06,4077.94,4078.05,0.110,11.0,1
2026-07-13 01:28:11,4076.88,4077.00,0.120,12.0,1
2026-07-13 01:28:16,4076.90,4077.02,0.120,12.0,1
2026-07-13 01:28:21,4077.35,4077.40,0.050,5.0,1
2026-07-13 01:28:26,4077.04,4077.13,0.090,9.0,1
2026-07-13 01:28:31,4077.48,4077.53,0.050,5.0,1
2026-07-13 01:28:36,4077.70,4077.79,0.090,9.0,1
2026-07-13 01:28:41,4078.00,4078.05,0.050,5.0,1
2026-07-13 01:28:46,4077.89,4077.94,0.050,5.0,1
2026-07-13 01:28:51,4077.95,4078.00,0.050,5.0,1
2026-07-13 01:28:56,4077.73,4077.83,0.100,10.0,1
2026-07-13 01:29:01,4078.72,4078.78,0.060,6.0,1
2026-07-13 01:29:06,4079.70,4079.76,0.060,6.0,1
2026-07-13 01:29:11,4078.30,4078.42,0.120,12.0,1
2026-07-13 01:29:16,4077.86,4077.95,0.090,9.0,1
2026-07-13 01:29:21,4078.08,4078.13,0.050,5.0,1
2026-07-13 01:29:26,4078.83,4078.95,0.120,12.0,1
2026-07-13 01:29:31,4078.81,4078.92,0.110,11.0,1
2026-07-13 01:29:36,4078.97,4079.05,0.080,8.0,1
2026-07-13 01:29:41,4079.00,4079.06,0.060,6.0,1
2026-07-13 01:29:46,4079.61,4079.73,0.120,12.0,1
2026-07-13 01:29:51,4080.06,4080.18,0.120,12.0,1
2026-07-13 01:29:56,4080.22,4080.27,0.050,5.0,1
2026-07-13 01:30:01,4079.37,4079.49,0.120,12.0,1
2026-07-13 01:30:06,4079.46,4079.58,0.120,12.0,1
2026-07-13 01:30:11,4078.84,4078.95,0.110,11.0,1
2026-07-13 01:30:16,4079.47,4079.59,0.120,12.0,1
2026-07-13 01:30:21,4078.05,4078.17,0.120,12.0,1
2026-07-13 01:30:26,4078.54,4078.66,0.120,12.0,1
2026-07-13 01:30:31,4078.72,4078.84,0.120,12.0,1
2026-07-13 01:30:36,4079.51,4079.63,0.120,12.0,1
2026-07-13 01:30:41,4079.99,4080.08,0.090,9.0,1
2026-07-13 01:30:46,4080.40,4080.46,0.060,6.0,1
2026-07-13 01:30:51,4081.17,4081.22,0.050,5.0,1
2026-07-13 01:30:56,4081.40,4081.47,0.070,7.0,1
2026-07-13 01:31:01,4083.45,4083.57,0.120,12.0,1
2026-07-13 01:31:06,4082.76,4082.88,0.120,12.0,1
2026-07-13 01:31:11,4083.10,4083.22,0.120,12.0,1
2026-07-13 01:31:16,4083.08,4083.16,0.080,8.0,1
2026-07-13 01:31:21,4082.75,4082.81,0.060,6.0,1
2026-07-13 01:31:26,4082.23,4082.28,0.050,5.0,1
2026-07-13 01:31:31,4082.35,4082.40,0.050,5.0,1
2026-07-13 01:31:36,4082.92,4083.01,0.090,9.0,1
2026-07-13 01:31:41,4082.57,4082.62,0.050,5.0,1
2026-07-13 01:31:46,4082.80,4082.85,0.050,5.0,1
2026-07-13 01:31:51,4083.86,4083.97,0.110,11.0,1
2026-07-13 01:31:56,4083.89,4083.96,0.070,7.0,1
2026-07-13 01:32:01,4084.05,4084.10,0.050,5.0,1
2026-07-13 01:32:06,4084.26,4084.38,0.120,12.0,1
2026-07-13 01:32:11,4083.69,4083.81,0.120,12.0,1
2026-07-13 01:32:16,4083.59,4083.69,0.100,10.0,1
2026-07-13 01:32:21,4084.16,4084.21,0.050,5.0,1
2026-07-13 01:32:26,4085.36,4085.41,0.050,5.0,1
2026-07-13 01:32:31,4085.97,4086.03,0.060,6.0,1
2026-07-13 01:32:36,4088.52,4088.64,0.120,12.0,1
2026-07-13 01:32:41,4088.84,4088.96,0.120,12.0,1
2026-07-13 01:32:46,4089.69,4089.81,0.120,12.0,1
2026-07-13 01:32:51,4088.39,4088.51,0.120,12.0,1
2026-07-13 01:32:56,4088.56,4088.68,0.120,12.0,1
2026-07-13 01:33:01,4088.13,4088.25,0.120,12.0,1
2026-07-13 01:33:06,4088.84,4088.96,0.120,12.0,1
2026-07-13 01:33:11,4088.41,4088.51,0.100,10.0,1
2026-07-13 01:33:16,4087.21,4087.29,0.080,8.0,1
2026-07-13 01:33:21,4087.54,4087.62,0.080,8.0,1
2026-07-13 01:33:26,4086.48,4086.60,0.120,12.0,1
2026-07-13 01:33:31,4086.39,4086.50,0.110,11.0,1
2026-07-13 01:33:36,4086.56,4086.65,0.090,9.0,1
2026-07-13 01:33:41,4085.95,4086.07,0.120,12.0,1
2026-07-13 01:33:46,4085.80,4085.92,0.120,12.0,1
2026-07-13 01:33:51,4085.30,4085.41,0.110,11.0,1
2026-07-13 01:33:56,4085.09,4085.14,0.050,5.0,1
2026-07-13 01:34:01,4085.70,4085.80,0.100,10.0,1
2026-07-13 01:34:06,4085.36,4085.48,0.120,12.0,1
2026-07-13 01:34:11,4085.06,4085.18,0.120,12.0,1
2026-07-13 01:34:16,4085.38,4085.48,0.100,10.0,1
2026-07-13 01:34:21,4084.72,4084.84,0.120,12.0,1
2026-07-13 01:34:26,4084.92,4085.04,0.120,12.0,1
2026-07-13 01:34:31,4084.50,4084.55,0.050,5.0,1
2026-07-13 01:34:36,4084.54,4084.66,0.120,12.0,1
2026-07-13 01:34:41,4084.24,4084.30,0.060,6.0,1
2026-07-13 01:34:46,4084.41,4084.47,0.060,6.0,1
2026-07-13 01:34:51,4084.32,4084.37,0.050,5.0,1
2026-07-13 01:34:56,4084.83,4084.88,0.050,5.0,1
2026-07-13 01:35:01,4084.74,4084.79,0.050,5.0,1
2026-07-13 01:35:06,4084.63,4084.68,0.050,5.0,1
2026-07-13 01:35:11,4084.35,4084.40,0.050,5.0,1
2026-07-13 01:35:16,4084.10,4084.15,0.050,5.0,1
2026-07-13 01:35:21,4083.12,4083.24,0.120,12.0,1
2026-07-13 01:35:26,4082.81,4082.92,0.110,11.0,1
2026-07-13 01:35:31,4082.99,4083.10,0.110,11.0,1
2026-07-13 01:35:36,4083.41,4083.50,0.090,9.0,1
2026-07-13 01:35:41,4083.78,4083.90,0.120,12.0,1
2026-07-13 01:35:46,4083.63,4083.70,0.070,7.0,1
2026-07-13 01:35:51,4084.05,4084.13,0.080,8.0,1
2026-07-13 01:35:56,4084.15,4084.20,0.050,5.0,1
2026-07-13 01:36:01,4084.18,4084.27,0.090,9.0,1
2026-07-13 01:36:06,4084.09,4084.18,0.090,9.0,1
2026-07-13 01:36:11,4084.17,4084.25,0.080,8.0,1
2026-07-13 01:36:16,4083.94,4084.04,0.100,10.0,1
2026-07-13 01:36:21,4084.41,4084.50,0.090,9.0,1
2026-07-13 01:36:26,4084.59,4084.67,0.080,8.0,1
2026-07-13 01:36:31,4084.98,4085.07,0.090,9.0,1
2026-07-13 01:36:36,4084.14,4084.26,0.120,12.0,1
2026-07-13 01:36:41,4084.35,4084.46,0.110,11.0,1
2026-07-13 01:36:46,4084.85,4084.95,0.100,10.0,1
2026-07-13 01:36:51,4084.97,4085.09,0.120,12.0,1
2026-07-13 01:36:56,4084.85,4084.96,0.110,11.0,1
2026-07-13 01:37:01,4085.72,4085.83,0.110,11.0,1
2026-07-13 01:37:06,4085.94,4086.05,0.110,11.0,1
2026-07-13 01:37:11,4085.59,4085.70,0.110,11.0,1
2026-07-13 01:37:16,4085.53,4085.62,0.090,9.0,1
2026-07-13 01:37:21,4086.07,4086.16,0.090,9.0,1
2026-07-13 01:37:26,4085.85,4085.92,0.070,7.0,1
2026-07-13 01:37:31,4084.96,4085.07,0.110,11.0,1
2026-07-13 01:37:36,4084.20,4084.30,0.100,10.0,1
2026-07-13 01:37:41,4084.25,4084.32,0.070,7.0,1
2026-07-13 01:37:46,4084.30,4084.36,0.060,6.0,1
2026-07-13 01:37:51,4084.18,4084.23,0.050,5.0,1
2026-07-13 01:37:56,4083.81,4083.93,0.120,12.0,1
2026-07-13 01:38:01,4084.72,4084.84,0.120,12.0,1
2026-07-13 01:38:06,4085.18,4085.30,0.120,12.0,1
2026-07-13 01:38:11,4085.35,4085.41,0.060,6.0,1
2026-07-13 01:38:16,4085.16,4085.26,0.100,10.0,1
2026-07-13 01:38:21,4084.87,4084.92,0.050,5.0,1
2026-07-13 01:38:26,4085.30,4085.35,0.050,5.0,1
2026-07-13 01:38:31,4085.71,4085.83,0.120,12.0,1
2026-07-13 01:38:36,4086.16,4086.21,0.050,5.0,1
2026-07-13 01:38:41,4086.22,4086.27,0.050,5.0,1
2026-07-13 01:38:46,4087.08,4087.20,0.120,12.0,1
2026-07-13 01:38:51,4087.04,4087.16,0.120,12.0,1
2026-07-13 01:38:56,4087.04,4087.16,0.120,12.0,1
2026-07-13 01:39:01,4087.32,4087.44,0.120,12.0,1
2026-07-13 01:39:06,4087.40,4087.48,0.080,8.0,1
2026-07-13 01:39:11,4088.45,4088.54,0.090,9.0,1
2026-07-13 01:39:16,4088.34,4088.46,0.120,12.0,1
2026-07-13 01:39:21,4088.10,4088.22,0.120,12.0,1
2026-07-13 01:39:26,4087.86,4087.96,0.100,10.0,1
2026-07-13 01:39:31,4087.11,4087.21,0.100,10.0,1
2026-07-13 01:39:36,4087.53,4087.64,0.110,11.0,1
2026-07-13 01:39:41,4087.47,4087.53,0.060,6.0,1
2026-07-13 01:39:46,4087.39,4087.44,0.050,5.0,1
2026-07-13 01:39:51,4087.83,4087.92,0.090,9.0,1
2026-07-13 01:39:56,4087.42,4087.54,0.120,12.0,1
2026-07-13 01:40:01,4087.26,4087.35,0.090,9.0,1
2026-07-13 01:40:06,4086.93,4086.98,0.050,5.0,1
2026-07-13 01:40:11,4085.57,4085.68,0.110,11.0,1
2026-07-13 01:40:16,4085.16,4085.26,0.100,10.0,1
2026-07-13 01:40:21,4085.44,4085.56,0.120,12.0,1
2026-07-13 01:40:26,4084.93,4085.05,0.120,12.0,1
2026-07-13 01:40:31,4085.02,4085.13,0.110,11.0,1
2026-07-13 01:40:36,4084.12,4084.21,0.090,9.0,1
2026-07-13 01:40:41,4083.91,4084.03,0.120,12.0,1
2026-07-13 01:40:46,4084.08,4084.20,0.120,12.0,1
2026-07-13 01:40:51,4084.47,4084.59,0.120,12.0,1
2026-07-13 01:40:56,4084.36,4084.41,0.050,5.0,1
2026-07-13 01:41:01,4084.41,4084.48,0.070,7.0,1
2026-07-13 01:41:06,4084.59,4084.64,0.050,5.0,1
2026-07-13 01:41:11,4084.61,4084.66,0.050,5.0,1
2026-07-13 01:41:16,4084.57,4084.69,0.120,12.0,1
2026-07-13 01:41:21,4084.75,4084.80,0.050,5.0,1
2026-07-13 01:41:26,4084.81,4084.86,0.050,5.0,1
2026-07-13 01:41:31,4085.03,4085.08,0.050,5.0,1
2026-07-13 01:41:36,4084.79,4084.91,0.120,12.0,1
2026-07-13 01:41:41,4084.57,4084.66,0.090,9.0,1
2026-07-13 01:41:46,4084.25,4084.33,0.080,8.0,1
2026-07-13 01:41:51,4084.70,4084.78,0.080,8.0,1
2026-07-13 01:41:56,4084.81,4084.86,0.050,5.0,1
2026-07-13 01:42:01,4085.78,4085.90,0.120,12.0,1
2026-07-13 01:42:06,4085.33,4085.45,0.120,12.0,1
2026-07-13 01:42:11,4085.88,4086.00,0.120,12.0,1
2026-07-13 01:42:16,4086.03,4086.14,0.110,11.0,1
2026-07-13 01:42:21,4085.64,4085.76,0.120,12.0,1
2026-07-13 01:42:26,4085.38,4085.50,0.120,12.0,1
2026-07-13 01:42:31,4085.28,4085.33,0.050,5.0,1
2026-07-13 01:42:36,4084.71,4084.76,0.050,5.0,1
2026-07-13 01:42:41,4085.17,4085.29,0.120,12.0,1
2026-07-13 01:42:46,4085.16,4085.27,0.110,11.0,1
2026-07-13 01:42:51,4084.51,4084.56,0.050,5.0,1
2026-07-13 01:42:56,4084.27,4084.39,0.120,12.0,1
2026-07-13 01:43:01,4084.15,4084.21,0.060,6.0,1
2026-07-13 01:43:06,4084.46,4084.51,0.050,5.0,1
2026-07-13 01:43:11,4084.36,4084.41,0.050,5.0,1
2026-07-13 01:43:16,4084.58,4084.63,0.050,5.0,1
2026-07-13 01:43:21,4084.57,4084.63,0.060,6.0,1
2026-07-13 01:43:26,4084.84,4084.89,0.050,5.0,1
2026-07-13 01:43:31,4084.40,4084.49,0.090,9.0,1
2026-07-13 01:43:36,4084.17,4084.22,0.050,5.0,1
2026-07-13 01:43:41,4084.33,4084.38,0.050,5.0,1
2026-07-13 01:43:46,4084.33,4084.38,0.050,5.0,1
2026-07-13 01:43:51,4084.04,4084.09,0.050,5.0,1
2026-07-13 01:43:56,4083.74,4083.83,0.090,9.0,1
2026-07-13 01:44:01,4084.06,4084.12,0.060,6.0,1
2026-07-13 01:44:06,4083.90,4084.00,0.100,10.0,1
2026-07-13 01:44:11,4083.17,4083.29,0.120,12.0,1
2026-07-13 01:44:16,4083.28,4083.40,0.120,12.0,1
2026-07-13 01:44:21,4083.75,4083.87,0.120,12.0,1
2026-07-13 01:44:26,4083.61,4083.72,0.110,11.0,1
2026-07-13 01:44:31,4083.70,4083.75,0.050,5.0,1
2026-07-13 01:44:36,4083.62,4083.67,0.050,5.0,1
2026-07-13 01:44:41,4083.88,4084.00,0.120,12.0,1
2026-07-13 01:44:46,4083.67,4083.79,0.120,12.0,1
2026-07-13 01:44:51,4084.36,4084.48,0.120,12.0,1
2026-07-13 01:44:56,4084.19,4084.31,0.120,12.0,1
2026-07-13 01:45:01,4085.11,4085.23,0.120,12.0,1
2026-07-13 01:45:06,4085.51,4085.63,0.120,12.0,1
2026-07-13 01:45:11,4085.22,4085.34,0.120,12.0,1
2026-07-13 01:45:16,4085.26,4085.35,0.090,9.0,1
2026-07-13 01:45:21,4084.90,4084.95,0.050,5.0,1
2026-07-13 01:45:26,4085.11,4085.16,0.050,5.0,1
2026-07-13 01:45:31,4084.97,4085.02,0.050,5.0,1
2026-07-13 01:45:36,4084.96,4085.01,0.050,5.0,1
2026-07-13 01:45:41,4084.51,4084.61,0.100,10.0,1
2026-07-13 01:45:46,4084.36,4084.46,0.100,10.0,1
2026-07-13 01:45:51,4084.57,4084.64,0.070,7.0,1
2026-07-13 01:45:56,4085.07,4085.18,0.110,11.0,1
2026-07-13 01:46:01,4086.19,4086.31,0.120,12.0,1
2026-07-13 01:46:06,4085.78,4085.90,0.120,12.0,1
2026-07-13 01:46:11,4085.84,4085.96,0.120,12.0,1
2026-07-13 01:46:16,4085.39,4085.51,0.120,12.0,1
2026-07-13 01:46:21,4085.36,4085.48,0.120,12.0,1
2026-07-13 01:46:26,4085.34,4085.39,0.050,5.0,1
2026-07-13 01:46:31,4084.57,4084.68,0.110,11.0,1
2026-07-13 01:46:36,4084.98,4085.03,0.050,5.0,1
2026-07-13 01:46:41,4084.72,4084.77,0.050,5.0,1
2026-07-13 01:46:46,4083.87,4083.97,0.100,10.0,1
2026-07-13 01:46:51,4083.52,4083.64,0.120,12.0,1
2026-07-13 01:46:56,4083.95,4084.07,0.120,12.0,1
2026-07-13 01:47:01,4084.51,4084.63,0.120,12.0,1
2026-07-13 01:47:06,4084.49,4084.57,0.080,8.0,1
2026-07-13 01:47:11,4084.98,4085.05,0.070,7.0,1
2026-07-13 01:47:16,4084.57,4084.69,0.120,12.0,1
2026-07-13 01:47:21,4084.33,4084.45,0.120,12.0,1
2026-07-13 01:47:26,4084.23,4084.35,0.120,12.0,1
2026-07-13 01:47:31,4085.04,4085.16,0.120,12.0,1
2026-07-13 01:47:36,4083.98,4084.10,0.120,12.0,1
2026-07-13 01:47:41,4084.20,4084.28,0.080,8.0,1
2026-07-13 01:47:46,4084.39,4084.45,0.060,6.0,1
2026-07-13 01:47:51,4084.02,4084.09,0.070,7.0,1
2026-07-13 01:47:56,4084.24,4084.29,0.050,5.0,1
2026-07-13 01:48:01,4083.81,4083.86,0.050,5.0,1
2026-07-13 01:48:06,4084.07,4084.14,0.070,7.0,1
2026-07-13 01:48:11,4085.19,4085.26,0.070,7.0,1
2026-07-13 01:48:16,4086.31,4086.43,0.120,12.0,1
2026-07-13 01:48:21,4085.98,4086.10,0.120,12.0,1
2026-07-13 01:48:26,4085.88,4085.98,0.100,10.0,1
2026-07-13 01:48:31,4085.96,4086.03,0.070,7.0,1
2026-07-13 01:48:36,4086.46,4086.53,0.070,7.0,1
2026-07-13 01:48:41,4086.78,4086.86,0.080,8.0,1
2026-07-13 01:48:46,4086.47,4086.56,0.090,9.0,1
2026-07-13 01:48:51,4086.46,4086.51,0.050,5.0,1
2026-07-13 01:48:56,4086.37,4086.42,0.050,5.0,1
2026-07-13 01:49:01,4086.37,4086.42,0.050,5.0,1
2026-07-13 01:49:06,4085.75,4085.87,0.120,12.0,1
2026-07-13 01:49:11,4086.02,4086.11,0.090,9.0,1
2026-07-13 01:49:16,4085.87,4085.92,0.050,5.0,1
2026-07-13 01:49:21,4086.21,4086.26,0.050,5.0,1
2026-07-13 01:49:26,4086.95,4087.03,0.080,8.0,1
2026-07-13 01:49:31,4086.98,4087.03,0.050,5.0,1
2026-07-13 01:49:36,4086.95,4087.00,0.050,5.0,1
2026-07-13 01:49:41,4086.41,4086.46,0.050,5.0,1
2026-07-13 01:49:46,4085.94,4085.99,0.050,5.0,1
2026-07-13 01:49:51,4086.09,4086.14,0.050,5.0,1
2026-07-13 01:49:56,4086.18,4086.23,0.050,5.0,1
2026-07-13 01:50:01,4086.14,4086.22,0.080,8.0,1
2026-07-13 01:50:06,4085.97,4086.04,0.070,7.0,1
2026-07-13 01:50:11,4086.39,4086.47,0.080,8.0,1
2026-07-13 01:50:16,4086.43,4086.53,0.100,10.0,1
2026-07-13 01:50:21,4085.94,4086.05,0.110,11.0,1
2026-07-13 01:50:26,4086.22,4086.33,0.110,11.0,1
2026-07-13 01:50:31,4086.11,4086.23,0.120,12.0,1
2026-07-13 01:50:36,4085.64,4085.76,0.120,12.0,1
2026-07-13 01:50:41,4086.08,4086.20,0.120,12.0,1
2026-07-13 01:50:46,4086.60,4086.72,0.120,12.0,1
2026-07-13 01:50:51,4086.84,4086.96,0.120,12.0,1
2026-07-13 01:50:56,4087.17,4087.29,0.120,12.0,1
2026-07-13 01:51:01,4086.88,4087.00,0.120,12.0,1
2026-07-13 01:51:06,4086.44,4086.55,0.110,11.0,1
2026-07-13 01:51:11,4087.11,4087.23,0.120,12.0,1
2026-07-13 01:51:16,4087.08,4087.20,0.120,12.0,1
2026-07-13 01:51:21,4087.72,4087.83,0.110,11.0,1
2026-07-13 01:51:26,4085.62,4085.74,0.120,12.0,1
2026-07-13 01:51:31,4084.85,4084.97,0.120,12.0,1
2026-07-13 01:51:36,4084.86,4084.97,0.110,11.0,1
2026-07-13 01:51:41,4084.27,4084.38,0.110,11.0,1
2026-07-13 01:51:46,4084.07,4084.18,0.110,11.0,1
2026-07-13 01:51:51,4083.31,4083.39,0.080,8.0,1
2026-07-13 01:51:56,4083.43,4083.54,0.110,11.0,1
2026-07-13 01:52:01,4084.05,4084.14,0.090,9.0,1
2026-07-13 01:52:06,4084.19,4084.26,0.070,7.0,1
2026-07-13 01:52:11,4084.44,4084.51,0.070,7.0,1
2026-07-13 01:52:16,4084.20,4084.27,0.070,7.0,1
2026-07-13 01:52:21,4082.78,4082.89,0.110,11.0,1
2026-07-13 01:52:26,4082.44,4082.53,0.090,9.0,1
2026-07-13 01:52:31,4083.33,4083.43,0.100,10.0,1
2026-07-13 01:52:36,4083.37,4083.49,0.120,12.0,1
2026-07-13 01:52:41,4083.36,4083.48,0.120,12.0,1
2026-07-13 01:52:46,4082.88,4082.96,0.080,8.0,1
2026-07-13 01:52:51,4083.20,4083.28,0.080,8.0,1
2026-07-13 01:52:56,4083.18,4083.24,0.060,6.0,1
2026-07-13 01:53:01,4082.88,4082.95,0.070,7.0,1
2026-07-13 01:53:06,4082.56,4082.67,0.110,11.0,1
2026-07-13 01:53:11,4082.08,4082.15,0.070,7.0,1
2026-07-13 01:53:16,4081.82,4081.88,0.060,6.0,1
2026-07-13 01:53:21,4081.70,4081.76,0.060,6.0,1
2026-07-13 01:53:26,4081.46,4081.56,0.100,10.0,1
2026-07-13 01:53:31,4080.99,4081.09,0.100,10.0,1
2026-07-13 01:53:36,4080.85,4080.97,0.120,12.0,1
2026-07-13 01:53:41,4080.45,4080.57,0.120,12.0,1
2026-07-13 01:53:46,4079.71,4079.83,0.120,12.0,1
2026-07-13 01:53:51,4079.02,4079.14,0.120,12.0,1
2026-07-13 01:53:56,4079.96,4080.05,0.090,9.0,1
2026-07-13 01:54:01,4079.63,4079.71,0.080,8.0,1
2026-07-13 01:54:06,4078.99,4079.08,0.090,9.0,1
2026-07-13 01:54:11,4078.32,4078.40,0.080,8.0,1
2026-07-13 01:54:16,4079.03,4079.12,0.090,9.0,1
2026-07-13 01:54:21,4077.87,4077.99,0.120,12.0,1
2026-07-13 01:54:26,4077.12,4077.23,0.110,11.0,1
2026-07-13 01:54:31,4077.48,4077.57,0.090,9.0,1
2026-07-13 01:54:36,4076.54,4076.60,0.060,6.0,1
2026-07-13 01:54:41,4077.12,4077.24,0.120,12.0,1
2026-07-13 01:54:46,4076.64,4076.76,0.120,12.0,1
2026-07-13 01:54:51,4074.68,4074.80,0.120,12.0,1
2026-07-13 01:54:56,4074.45,4074.57,0.120,12.0,1
2026-07-13 01:55:01,4075.01,4075.13,0.120,12.0,1
2026-07-13 01:55:06,4073.23,4073.35,0.120,12.0,1
2026-07-13 01:55:11,4073.27,4073.39,0.120,12.0,1
2026-07-13 01:55:16,4073.62,4073.74,0.120,12.0,1
2026-07-13 01:55:21,4073.64,4073.75,0.110,11.0,1
2026-07-13 01:55:26,4071.79,4071.91,0.120,12.0,1
2026-07-13 01:55:31,4071.42,4071.54,0.120,12.0,1
2026-07-13 01:55:36,4070.40,4070.50,0.100,10.0,1
2026-07-13 01:55:41,4070.10,4070.22,0.120,12.0,1
2026-07-13 01:55:46,4068.57,4068.69,0.120,12.0,1
2026-07-13 01:55:51,4069.19,4069.31,0.120,12.0,1
2026-07-13 01:55:56,4069.82,4069.92,0.100,10.0,1
2026-07-13 01:56:01,4070.21,4070.31,0.100,10.0,1
2026-07-13 01:56:06,4070.32,4070.40,0.080,8.0,1
2026-07-13 01:56:11,4070.13,4070.21,0.080,8.0,1
2026-07-13 01:56:16,4069.92,4070.00,0.080,8.0,1
2026-07-13 01:56:21,4070.57,4070.65,0.080,8.0,1
2026-07-13 01:56:26,4071.02,4071.14,0.120,12.0,1
2026-07-13 01:56:31,4070.51,4070.59,0.080,8.0,1
2026-07-13 01:56:36,4070.26,4070.32,0.060,6.0,1
2026-07-13 01:56:41,4070.35,4070.42,0.070,7.0,1
2026-07-13 01:56:46,4071.62,4071.73,0.110,11.0,1
2026-07-13 01:56:51,4071.44,4071.53,0.090,9.0,1
2026-07-13 01:56:56,4071.93,4072.05,0.120,12.0,1
2026-07-13 01:57:01,4070.31,4070.43,0.120,12.0,1
2026-07-13 01:57:06,4071.75,4071.87,0.120,12.0,1
2026-07-13 01:57:11,4070.82,4070.92,0.100,10.0,1
2026-07-13 01:57:16,4070.36,4070.42,0.060,6.0,1
2026-07-13 01:57:21,4071.18,4071.29,0.110,11.0,1
2026-07-13 01:57:26,4071.36,4071.44,0.080,8.0,1
2026-07-13 01:57:31,4072.46,4072.58,0.120,12.0,1
2026-07-13 01:57:36,4072.91,4073.03,0.120,12.0,1
2026-07-13 01:57:41,4074.16,4074.28,0.120,12.0,1
2026-07-13 01:57:46,4073.75,4073.87,0.120,12.0,1
2026-07-13 01:57:51,4074.49,4074.57,0.080,8.0,1
2026-07-13 01:57:56,4073.90,4073.96,0.060,6.0,1
2026-07-13 01:58:01,4072.49,4072.61,0.120,12.0,1
2026-07-13 01:58:06,4072.21,4072.33,0.120,12.0,1
2026-07-13 01:58:11,4072.07,4072.16,0.090,9.0,1
2026-07-13 01:58:16,4072.52,4072.62,0.100,10.0,1
2026-07-13 01:58:21,4072.27,4072.32,0.050,5.0,1
2026-07-13 01:58:26,4072.59,4072.70,0.110,11.0,1
2026-07-13 01:58:31,4072.20,4072.25,0.050,5.0,1
2026-07-13 01:58:36,4072.12,4072.17,0.050,5.0,1
2026-07-13 01:58:41,4072.00,4072.05,0.050,5.0,1
2026-07-13 01:58:46,4072.77,4072.82,0.050,5.0,1
2026-07-13 01:58:51,4073.62,4073.67,0.050,5.0,1
2026-07-13 01:58:56,4074.26,4074.33,0.070,7.0,1
2026-07-13 01:59:01,4074.54,4074.59,0.050,5.0,1
2026-07-13 01:59:06,4074.46,4074.51,0.050,5.0,1
2026-07-13 01:59:11,4073.16,4073.28,0.120,12.0,1
2026-07-13 01:59:16,4073.17,4073.26,0.090,9.0,1
2026-07-13 01:59:21,4073.73,4073.81,0.080,8.0,1
2026-07-13 01:59:26,4074.20,4074.25,0.050,5.0,1
2026-07-13 01:59:31,4073.88,4073.97,0.090,9.0,1
2026-07-13 01:59:36,4073.48,4073.56,0.080,8.0,1
2026-07-13 01:59:41,4073.81,4073.93,0.120,12.0,1
2026-07-13 01:59:46,4073.46,4073.57,0.110,11.0,1
2026-07-13 01:59:51,4072.11,4072.23,0.120,12.0,1
2026-07-13 01:59:56,4072.15,4072.27,0.120,12.0,1
2026-07-13 02:00:01,4073.28,4073.40,0.120,12.0,1
2026-07-13 02:00:06,4070.62,4070.74,0.120,12.0,1
2026-07-13 02:00:11,4070.54,4070.66,0.120,12.0,1
2026-07-13 02:00:16,4071.84,4071.96,0.120,12.0,1
2026-07-13 02:00:21,4072.10,4072.19,0.090,9.0,1
2026-07-13 02:00:26,4071.68,4071.73,0.050,5.0,1
2026-07-13 02:00:31,4072.02,4072.14,0.120,12.0,1
2026-07-13 02:00:36,4073.02,4073.08,0.060,6.0,1
2026-07-13 02:00:41,4072.29,4072.41,0.120,12.0,1
2026-07-13 02:00:46,4072.80,4072.92,0.120,12.0,1
2026-07-13 02:00:51,4073.59,4073.67,0.080,8.0,1
2026-07-13 02:00:56,4073.98,4074.10,0.120,12.0,1
2026-07-13 02:01:01,4074.30,4074.40,0.100,10.0,1
2026-07-13 02:01:06,4074.03,4074.12,0.090,9.0,1
2026-07-13 02:01:11,4074.39,4074.44,0.050,5.0,1
2026-07-13 02:01:16,4073.68,4073.73,0.050,5.0,1
2026-07-13 02:01:21,4073.62,4073.72,0.100,10.0,1
2026-07-13 02:01:26,4073.69,4073.76,0.070,7.0,1
2026-07-13 02:01:31,4072.52,4072.64,0.120,12.0,1
2026-07-13 02:01:36,4072.13,4072.25,0.120,12.0,1
2026-07-13 02:01:41,4072.34,4072.46,0.120,12.0,1
2026-07-13 02:01:46,4073.49,4073.58,0.090,9.0,1
2026-07-13 02:01:51,4073.54,4073.59,0.050,5.0,1
2026-07-13 02:01:56,4074.04,4074.09,0.050,5.0,1
2026-07-13 02:02:01,4072.76,4072.81,0.050,5.0,1
2026-07-13 02:02:06,4072.03,4072.15,0.120,12.0,1
2026-07-13 02:02:11,4072.87,4072.94,0.070,7.0,1
2026-07-13 02:02:16,4073.15,4073.22,0.070,7.0,1
2026-07-13 02:02:21,4072.30,4072.35,0.050,5.0,1
2026-07-13 02:02:26,4071.31,4071.43,0.120,12.0,1
2026-07-13 02:02:31,4071.47,4071.52,0.050,5.0,1
2026-07-13 02:02:36,4071.00,4071.05,0.050,5.0,1
2026-07-13 02:02:41,4070.94,4071.01,0.070,7.0,1
2026-07-13 02:02:46,4071.14,4071.19,0.050,5.0,1
2026-07-13 02:02:51,4071.85,4071.90,0.050,5.0,1
2026-07-13 02:02:56,4071.29,4071.34,0.050,5.0,1
2026-07-13 02:03:01,4072.50,4072.62,0.120,12.0,1
2026-07-13 02:03:06,4072.42,4072.51,0.090,9.0,1
2026-07-13 02:03:11,4072.56,4072.66,0.100,10.0,1
2026-07-13 02:03:16,4072.19,4072.26,0.070,7.0,1
2026-07-13 02:03:21,4073.51,4073.63,0.120,12.0,1
2026-07-13 02:03:26,4073.27,4073.39,0.120,12.0,1
2026-07-13 02:03:31,4073.44,4073.52,0.080,8.0,1
2026-07-13 02:03:36,4073.33,4073.38,0.050,5.0,1
2026-07-13 02:03:41,4072.99,4073.04,0.050,5.0,1
2026-07-13 02:03:46,4072.42,4072.49,0.070,7.0,1
2026-07-13 02:03:51,4072.31,4072.36,0.050,5.0,1
2026-07-13 02:03:56,4072.14,4072.19,0.050,5.0,1
2026-07-13 02:04:01,4072.31,4072.36,0.050,5.0,1
2026-07-13 02:04:06,4072.62,4072.67,0.050,5.0,1
2026-07-13 02:04:11,4072.62,4072.69,0.070,7.0,1
2026-07-13 02:04:16,4072.19,4072.28,0.090,9.0,1
2026-07-13 02:04:21,4072.08,4072.20,0.120,12.0,1
2026-07-13 02:04:26,4071.82,4071.94,0.120,12.0,1
2026-07-13 02:04:31,4070.92,4071.03,0.110,11.0,1
2026-07-13 02:04:36,4070.47,4070.59,0.120,12.0,1
2026-07-13 02:04:41,4070.37,4070.49,0.120,12.0,1
2026-07-13 02:04:46,4070.84,4070.90,0.060,6.0,1
2026-07-13 02:04:51,4071.20,4071.32,0.120,12.0,1
2026-07-13 02:04:56,4070.75,4070.87,0.120,12.0,1
2026-07-13 02:05:01,4071.15,4071.25,0.100,10.0,1
2026-07-13 02:05:06,4070.82,4070.93,0.110,11.0,1
2026-07-13 02:05:11,4072.53,4072.65,0.120,12.0,1
2026-07-13 02:05:16,4073.07,4073.18,0.110,11.0,1
2026-07-13 02:05:21,4073.39,4073.48,0.090,9.0,1
2026-07-13 02:05:26,4072.83,4072.90,0.070,7.0,1
2026-07-13 02:05:31,4072.83,4072.88,0.050,5.0,1
2026-07-13 02:05:36,4072.87,4072.92,0.050,5.0,1
2026-07-13 02:05:41,4072.29,4072.34,0.050,5.0,1
2026-07-13 02:05:46,4071.56,4071.64,0.080,8.0,1
2026-07-13 02:05:51,4071.05,4071.12,0.070,7.0,1
2026-07-13 02:05:56,4070.87,4070.93,0.060,6.0,1
2026-07-13 02:06:01,4070.63,4070.75,0.120,12.0,1
2026-07-13 02:06:06,4070.76,4070.88,0.120,12.0,1
2026-07-13 02:06:11,4071.75,4071.87,0.120,12.0,1
2026-07-13 02:06:16,4072.17,4072.29,0.120,12.0,1
2026-07-13 02:06:21,4072.20,4072.29,0.090,9.0,1
2026-07-13 02:06:26,4072.37,4072.48,0.110,11.0,1
2026-07-13 02:06:31,4072.30,4072.42,0.120,12.0,1
2026-07-13 02:06:36,4072.29,4072.40,0.110,11.0,1
2026-07-13 02:06:41,4072.77,4072.85,0.080,8.0,1
2026-07-13 02:06:46,4072.82,4072.87,0.050,5.0,1
2026-07-13 02:06:51,4073.48,4073.53,0.050,5.0,1
2026-07-13 02:06:56,4073.36,4073.41,0.050,5.0,1
2026-07-13 02:07:01,4073.00,4073.05,0.050,5.0,1
2026-07-13 02:07:06,4073.10,4073.19,0.090,9.0,1
2026-07-13 02:07:11,4073.17,4073.27,0.100,10.0,1
2026-07-13 02:07:16,4072.53,4072.63,0.100,10.0,1
2026-07-13 02:07:21,4072.82,4072.91,0.090,9.0,1
2026-07-13 02:07:26,4072.34,4072.46,0.120,12.0,1
2026-07-13 02:07:31,4072.51,4072.63,0.120,12.0,1
2026-07-13 02:07:36,4072.76,4072.84,0.080,8.0,1
2026-07-13 02:07:41,4072.19,4072.25,0.060,6.0,1
2026-07-13 02:07:46,4072.73,4072.78,0.050,5.0,1
2026-07-13 02:07:51,4072.60,4072.65,0.050,5.0,1
2026-07-13 02:07:56,4072.60,4072.71,0.110,11.0,1
2026-07-13 02:08:01,4072.21,4072.33,0.120,12.0,1
2026-07-13 02:08:06,4071.97,4072.09,0.120,12.0,1
2026-07-13 02:08:11,4073.05,4073.17,0.120,12.0,1
2026-07-13 02:08:16,4072.17,4072.29,0.120,12.0,1
2026-07-13 02:08:21,4071.67,4071.76,0.090,9.0,1
2026-07-13 02:08:26,4071.23,4071.35,0.120,12.0,1
2026-07-13 02:08:31,4071.23,4071.35,0.120,12.0,1
2026-07-13 02:08:36,4070.35,4070.47,0.120,12.0,1
2026-07-13 02:08:41,4070.26,4070.37,0.110,11.0,1
2026-07-13 02:08:46,4070.68,4070.75,0.070,7.0,1
2026-07-13 02:08:51,4070.86,4070.91,0.050,5.0,1
2026-07-13 02:08:56,4071.20,4071.25,0.050,5.0,1
2026-07-13 02:09:01,4071.94,4072.06,0.120,12.0,1
2026-07-13 02:09:06,4072.74,4072.86,0.120,12.0,1
2026-07-13 02:09:11,4072.42,4072.54,0.120,12.0,1
2026-07-13 02:09:16,4072.49,4072.54,0.050,5.0,1
2026-07-13 02:09:21,4072.84,4072.89,0.050,5.0,1
2026-07-13 02:09:26,4073.42,4073.54,0.120,12.0,1
2026-07-13 02:09:31,4073.57,4073.69,0.120,12.0,1
2026-07-13 02:09:36,4073.62,4073.69,0.070,7.0,1
2026-07-13 02:09:41,4073.51,4073.57,0.060,6.0,1
2026-07-13 02:09:46,4073.36,4073.41,0.050,5.0,1
2026-07-13 02:09:51,4073.27,4073.33,0.060,6.0,1
2026-07-13 02:09:56,4073.32,4073.37,0.050,5.0,1
2026-07-13 02:10:01,4073.33,4073.38,0.050,5.0,1
2026-07-13 02:10:06,4073.62,4073.70,0.080,8.0,1
2026-07-13 02:10:11,4073.88,4073.93,0.050,5.0,1
2026-07-13 02:10:16,4074.08,4074.13,0.050,5.0,1
2026-07-13 02:10:21,4074.20,4074.31,0.110,11.0,1
2026-07-13 02:10:26,4073.87,4073.97,0.100,10.0,1
2026-07-13 02:10:31,4074.47,4074.59,0.120,12.0,1
2026-07-13 02:10:36,4074.17,4074.29,0.120,12.0,1
2026-07-13 02:10:41,4073.67,4073.79,0.120,12.0,1
2026-07-13 02:10:46,4073.70,4073.80,0.100,10.0,1
2026-07-13 02:10:51,4074.00,4074.11,0.110,11.0,1
2026-07-13 02:10:56,4073.51,4073.62,0.110,11.0,1
2026-07-13 02:11:01,4073.21,4073.29,0.080,8.0,1
2026-07-13 02:11:06,4073.20,4073.32,0.120,12.0,1
2026-07-13 02:11:11,4072.75,4072.87,0.120,12.0,1
2026-07-13 02:11:16,4072.61,4072.72,0.110,11.0,1
2026-07-13 02:11:21,4072.13,4072.18,0.050,5.0,1
2026-07-13 02:11:26,4072.16,4072.27,0.110,11.0,1
2026-07-13 02:11:31,4072.10,4072.15,0.050,5.0,1
2026-07-13 02:11:36,4071.36,4071.48,0.120,12.0,1
2026-07-13 02:11:41,4071.25,4071.37,0.120,12.0,1
2026-07-13 02:11:46,4071.77,4071.89,0.120,12.0,1
2026-07-13 02:11:51,4072.10,4072.15,0.050,5.0,1
2026-07-13 02:11:56,4072.49,4072.54,0.050,5.0,1
2026-07-13 02:12:01,4072.36,4072.47,0.110,11.0,1
2026-07-13 02:12:06,4072.56,4072.61,0.050,5.0,1
2026-07-13 02:12:11,4074.37,4074.49,0.120,12.0,1
2026-07-13 02:12:16,4074.43,4074.55,0.120,12.0,1
2026-07-13 02:12:21,4074.86,4074.98,0.120,12.0,1
2026-07-13 02:12:26,4074.58,4074.68,0.100,10.0,1
2026-07-13 02:12:31,4074.48,4074.54,0.060,6.0,1
2026-07-13 02:12:36,4073.95,4074.00,0.050,5.0,1
2026-07-13 02:12:41,4074.13,4074.18,0.050,5.0,1
2026-07-13 02:12:46,4073.69,4073.75,0.060,6.0,1
2026-07-13 02:12:51,4073.51,4073.60,0.090,9.0,1
2026-07-13 02:12:56,4073.31,4073.39,0.080,8.0,1
2026-07-13 02:13:01,4073.20,4073.26,0.060,6.0,1
2026-07-13 02:13:06,4073.51,4073.56,0.050,5.0,1
2026-07-13 02:13:11,4073.46,4073.51,0.050,5.0,1
2026-07-13 02:13:16,4073.39,4073.47,0.080,8.0,1
2026-07-13 02:13:21,4072.51,4072.63,0.120,12.0,1
2026-07-13 02:13:26,4072.29,4072.41,0.120,12.0,1
2026-07-13 02:13:31,4073.00,4073.08,0.080,8.0,1
2026-07-13 02:13:36,4072.98,4073.09,0.110,11.0,1
2026-07-13 02:13:41,4072.76,4072.85,0.090,9.0,1
2026-07-13 02:13:46,4073.27,4073.35,0.080,8.0,1
2026-07-13 02:13:51,4073.18,4073.26,0.080,8.0,1
2026-07-13 02:13:56,4072.98,4073.03,0.050,5.0,1
2026-07-13 02:14:01,4072.96,4073.02,0.060,6.0,1
2026-07-13 02:14:06,4072.68,4072.80,0.120,12.0,1
2026-07-13 02:14:11,4072.69,4072.78,0.090,9.0,1
2026-07-13 02:14:16,4072.21,4072.32,0.110,11.0,1
2026-07-13 02:14:21,4071.92,4072.01,0.090,9.0,1
2026-07-13 02:14:26,4070.81,4070.93,0.120,12.0,1
2026-07-13 02:14:31,4070.75,4070.87,0.120,12.0,1
2026-07-13 02:14:36,4070.98,4071.10,0.120,12.0,1
2026-07-13 02:14:41,4071.29,4071.40,0.110,11.0,1
2026-07-13 02:14:46,4071.57,4071.62,0.050,5.0,1
2026-07-13 02:14:51,4072.25,4072.37,0.120,12.0,1
2026-07-13 02:14:56,4072.23,4072.30,0.070,7.0,1
2026-07-13 02:15:01,4072.38,4072.43,0.050,5.0,1
2026-07-13 02:15:06,4072.46,4072.51,0.050,5.0,1
2026-07-13 02:15:11,4072.56,4072.61,0.050,5.0,1
2026-07-13 02:15:16,4073.39,4073.45,0.060,6.0,1
2026-07-13 02:15:21,4073.24,4073.35,0.110,11.0,1
2026-07-13 02:15:26,4071.99,4072.11,0.120,12.0,1
2026-07-13 02:15:31,4072.52,4072.64,0.120,12.0,1
2026-07-13 02:15:36,4072.52,4072.57,0.050,5.0,1
2026-07-13 02:15:41,4072.95,4073.00,0.050,5.0,1
2026-07-13 02:15:46,4073.49,4073.58,0.090,9.0,1
2026-07-13 02:15:51,4073.50,4073.56,0.060,6.0,1
2026-07-13 02:15:56,4073.52,4073.57,0.050,5.0,1
2026-07-13 02:16:01,4073.35,4073.47,0.120,12.0,1
2026-07-13 02:16:06,4073.27,4073.39,0.120,12.0,1
2026-07-13 02:16:11,4074.03,4074.15,0.120,12.0,1
2026-07-13 02:16:16,4074.20,4074.28,0.080,8.0,1
2026-07-13 02:16:21,4073.43,4073.55,0.120,12.0,1
2026-07-13 02:16:26,4072.61,4072.71,0.100,10.0,1
2026-07-13 02:16:31,4072.70,4072.76,0.060,6.0,1
2026-07-13 02:16:36,4072.39,4072.51,0.120,12.0,1
2026-07-13 02:16:41,4073.04,4073.10,0.060,6.0,1
2026-07-13 02:16:46,4072.36,4072.42,0.060,6.0,1
2026-07-13 02:16:51,4072.17,4072.22,0.050,5.0,1
2026-07-13 02:16:56,4072.56,4072.61,0.050,5.0,1
2026-07-13 02:17:01,4072.31,4072.41,0.100,10.0,1
2026-07-13 02:17:06,4072.42,4072.54,0.120,12.0,1
2026-07-13 02:17:11,4072.93,4073.05,0.120,12.0,1
2026-07-13 02:17:16,4072.57,4072.69,0.120,12.0,1
2026-07-13 02:17:21,4072.52,4072.60,0.080,8.0,1
2026-07-13 02:17:26,4072.39,4072.44,0.050,5.0,1
2026-07-13 02:17:31,4072.12,4072.17,0.050,5.0,1
2026-07-13 02:17:36,4071.95,4072.03,0.080,8.0,1
2026-07-13 02:17:41,4071.99,4072.04,0.050,5.0,1
2026-07-13 02:17:46,4071.61,4071.73,0.120,12.0,1
2026-07-13 02:17:51,4071.14,4071.26,0.120,12.0,1
2026-07-13 02:17:56,4071.26,4071.38,0.120,12.0,1
2026-07-13 02:18:01,4071.34,4071.39,0.050,5.0,1
2026-07-13 02:18:06,4071.41,4071.46,0.050,5.0,1
2026-07-13 02:18:11,4071.86,4071.95,0.090,9.0,1
2026-07-13 02:18:16,4072.11,4072.18,0.070,7.0,1
2026-07-13 02:18:21,4072.13,4072.18,0.050,5.0,1
2026-07-13 02:18:26,4072.41,4072.50,0.090,9.0,1
2026-07-13 02:18:31,4073.06,4073.16,0.100,10.0,1
2026-07-13 02:18:36,4072.87,4072.96,0.090,9.0,1
2026-07-13 02:18:41,4072.64,4072.69,0.050,5.0,1
2026-07-13 02:18:46,4072.65,4072.70,0.050,5.0,1
2026-07-13 02:18:51,4073.00,4073.05,0.050,5.0,1
2026-07-13 02:18:56,4073.11,4073.16,0.050,5.0,1
2026-07-13 02:19:01,4072.91,4072.99,0.080,8.0,1
2026-07-13 02:19:06,4072.97,4073.05,0.080,8.0,1
2026-07-13 02:19:11,4073.30,4073.39,0.090,9.0,1
2026-07-13 02:19:16,4072.84,4072.96,0.120,12.0,1
2026-07-13 02:19:21,4072.86,4072.97,0.110,11.0,1
2026-07-13 02:19:26,4072.65,4072.73,0.080,8.0,1
2026-07-13 02:19:31,4072.91,4072.98,0.070,7.0,1
2026-07-13 02:19:36,4073.11,4073.22,0.110,11.0,1
2026-07-13 02:19:41,4073.25,4073.37,0.120,12.0,1
2026-07-13 02:19:46,4073.38,4073.48,0.100,10.0,1
2026-07-13 02:19:51,4073.49,4073.60,0.110,11.0,1
2026-07-13 02:19:56,4073.58,4073.65,0.070,7.0,1
2026-07-13 02:20:01,4073.49,4073.57,0.080,8.0,1
2026-07-13 02:20:06,4073.59,4073.65,0.060,6.0,1
2026-07-13 02:20:11,4073.76,4073.86,0.100,10.0,1
2026-07-13 02:20:16,4073.63,4073.72,0.090,9.0,1
2026-07-13 02:20:21,4073.37,4073.46,0.090,9.0,1
2026-07-13 02:20:26,4073.34,4073.45,0.110,11.0,1
2026-07-13 02:20:31,4072.07,4072.19,0.120,12.0,1
2026-07-13 02:20:36,4071.96,4072.08,0.120,12.0,1
2026-07-13 02:20:41,4072.22,4072.34,0.120,12.0,1
2026-07-13 02:20:46,4071.62,4071.73,0.110,11.0,1
2026-07-13 02:20:51,4071.47,4071.59,0.120,12.0,1
2026-07-13 02:20:56,4071.74,4071.83,0.090,9.0,1
2026-07-13 02:21:01,4071.47,4071.58,0.110,11.0,1
2026-07-13 02:21:06,4070.65,4070.76,0.110,11.0,1
2026-07-13 02:21:11,4071.53,4071.65,0.120,12.0,1
2026-07-13 02:21:16,4071.81,4071.92,0.110,11.0,1
2026-07-13 02:21:21,4071.55,4071.67,0.120,12.0,1
2026-07-13 02:21:26,4071.86,4071.98,0.120,12.0,1
2026-07-13 02:21:31,4071.41,4071.52,0.110,11.0,1
2026-07-13 02:21:36,4071.32,4071.39,0.070,7.0,1
2026-07-13 02:21:41,4071.80,4071.91,0.110,11.0,1
2026-07-13 02:21:46,4071.72,4071.80,0.080,8.0,1
2026-07-13 02:21:51,4071.90,4071.95,0.050,5.0,1
2026-07-13 02:21:56,4072.18,4072.26,0.080,8.0,1
2026-07-13 02:22:01,4072.47,4072.58,0.110,11.0,1
2026-07-13 02:22:06,4072.05,4072.17,0.120,12.0,1
2026-07-13 02:22:11,4071.83,4071.91,0.080,8.0,1
2026-07-13 02:22:16,4072.03,4072.08,0.050,5.0,1
2026-07-13 02:22:21,4072.03,4072.08,0.050,5.0,1
2026-07-13 02:22:26,4071.79,4071.89,0.100,10.0,1
2026-07-13 02:22:31,4071.90,4071.96,0.060,6.0,1
2026-07-13 02:22:36,4072.11,4072.18,0.070,7.0,1
2026-07-13 02:22:41,4072.20,4072.25,0.050,5.0,1
2026-07-13 02:22:46,4072.37,4072.44,0.070,7.0,1
2026-07-13 02:22:51,4072.30,4072.40,0.100,10.0,1
2026-07-13 02:22:56,4072.97,4073.06,0.090,9.0,1
2026-07-13 02:23:01,4073.02,4073.14,0.120,12.0,1
2026-07-13 02:23:06,4073.07,4073.18,0.110,11.0,1
2026-07-13 02:23:11,4072.53,4072.64,0.110,11.0,1
2026-07-13 02:23:16,4072.49,4072.57,0.080,8.0,1
2026-07-13 02:23:21,4072.34,4072.39,0.050,5.0,1
2026-07-13 02:23:26,4071.47,4071.57,0.100,10.0,1
2026-07-13 02:23:31,4070.62,4070.74,0.120,12.0,1
2026-07-13 02:23:36,4070.64,4070.76,0.120,12.0,1
2026-07-13 02:23:41,4070.68,4070.77,0.090,9.0,1
2026-07-13 02:23:46,4070.39,4070.45,0.060,6.0,1
2026-07-13 02:23:51,4070.77,4070.82,0.050,5.0,1
2026-07-13 02:23:56,4070.74,4070.79,0.050,5.0,1
2026-07-13 02:24:01,4070.62,4070.67,0.050,5.0,1
2026-07-13 02:24:06,4070.18,4070.30,0.120,12.0,1
2026-07-13 02:24:11,4070.40,4070.52,0.120,12.0,1
2026-07-13 02:24:16,4070.38,4070.47,0.090,9.0,1
2026-07-13 02:24:21,4070.77,4070.83,0.060,6.0,1
2026-07-13 02:24:26,4070.80,4070.92,0.120,12.0,1
2026-07-13 02:24:31,4070.68,4070.74,0.060,6.0,1
2026-07-13 02:24:36,4070.21,4070.28,0.070,7.0,1
2026-07-13 02:24:41,4070.18,4070.24,0.060,6.0,1
2026-07-13 02:24:46,4069.70,4069.81,0.110,11.0,1
2026-07-13 02:24:51,4070.54,4070.66,0.120,12.0,1
2026-07-13 02:24:56,4070.36,4070.48,0.120,12.0,1
2026-07-13 02:25:01,4070.76,4070.85,0.090,9.0,1
2026-07-13 02:25:06,4071.27,4071.36,0.090,9.0,1
2026-07-13 02:25:11,4070.74,4070.86,0.120,12.0,1
2026-07-13 02:25:16,4070.99,4071.11,0.120,12.0,1
2026-07-13 02:25:21,4071.09,4071.17,0.080,8.0,1
2026-07-13 02:25:26,4070.92,4070.98,0.060,6.0,1
2026-07-13 02:25:31,4070.85,4070.90,0.050,5.0,1
2026-07-13 02:25:36,4070.00,4070.08,0.080,8.0,1
2026-07-13 02:25:41,4069.87,4069.95,0.080,8.0,1
2026-07-13 02:25:46,4069.46,4069.51,0.050,5.0,1
2026-07-13 02:25:51,4069.75,4069.87,0.120,12.0,1
2026-07-13 02:25:56,4069.65,4069.70,0.050,5.0,1
2026-07-13 02:26:01,4069.51,4069.57,0.060,6.0,1
2026-07-13 02:26:06,4069.40,4069.47,0.070,7.0,1
2026-07-13 02:26:11,4069.70,4069.75,0.050,5.0,1
2026-07-13 02:26:16,4069.61,4069.67,0.060,6.0,1
2026-07-13 02:26:21,4068.08,4068.20,0.120,12.0,1
2026-07-13 02:26:26,4069.45,4069.57,0.120,12.0,1
2026-07-13 02:26:31,4069.29,4069.41,0.120,12.0,1
2026-07-13 02:26:36,4069.24,4069.34,0.100,10.0,1
2026-07-13 02:26:41,4068.01,4068.13,0.120,12.0,1
2026-07-13 02:26:46,4068.14,4068.23,0.090,9.0,1
2026-07-13 02:26:51,4068.07,4068.16,0.090,9.0,1
2026-07-13 02:26:56,4067.72,4067.84,0.120,12.0,1
2026-07-13 02:27:01,4068.28,4068.38,0.100,10.0,1
2026-07-13 02:27:06,4068.03,4068.11,0.080,8.0,1
2026-07-13 02:27:11,4068.45,4068.57,0.120,12.0,1
2026-07-13 02:27:16,4067.99,4068.04,0.050,5.0,1
2026-07-13 02:27:21,4067.60,4067.72,0.120,12.0,1
2026-07-13 02:27:26,4067.21,4067.33,0.120,12.0,1
2026-07-13 02:27:31,4067.34,4067.41,0.070,7.0,1
2026-07-13 02:27:36,4067.24,4067.29,0.050,5.0,1
2026-07-13 02:27:41,4067.66,4067.72,0.060,6.0,1
2026-07-13 02:27:46,4068.13,4068.18,0.050,5.0,1
2026-07-13 02:27:51,4068.54,4068.65,0.110,11.0,1
2026-07-13 02:27:56,4068.42,4068.48,0.060,6.0,1
2026-07-13 02:28:01,4068.29,4068.34,0.050,5.0,1
2026-07-13 02:28:06,4067.31,4067.43,0.120,12.0,1
2026-07-13 02:28:11,4067.37,4067.49,0.120,12.0,1
2026-07-13 02:28:16,4067.04,4067.11,0.070,7.0,1
2026-07-13 02:28:21,4067.00,4067.05,0.050,5.0,1
2026-07-13 02:28:26,4067.79,4067.84,0.050,5.0,1
2026-07-13 02:28:31,4067.67,4067.79,0.120,12.0,1
2026-07-13 02:28:36,4067.48,4067.58,0.100,10.0,1
2026-07-13 02:28:41,4067.78,4067.83,0.050,5.0,1
2026-07-13 02:28:46,4067.76,4067.81,0.050,5.0,1
2026-07-13 02:28:51,4067.33,4067.43,0.100,10.0,1
2026-07-13 02:28:56,4067.27,4067.39,0.120,12.0,1
2026-07-13 02:29:01,4067.60,4067.70,0.100,10.0,1
2026-07-13 02:29:06,4067.38,4067.43,0.050,5.0,1
2026-07-13 02:29:11,4067.00,4067.12,0.120,12.0,1
2026-07-13 02:29:16,4066.64,4066.70,0.060,6.0,1
2026-07-13 02:29:21,4066.85,4066.90,0.050,5.0,1
2026-07-13 02:29:26,4067.20,4067.25,0.050,5.0,1
2026-07-13 02:29:31,4067.29,4067.37,0.080,8.0,1
2026-07-13 02:29:36,4067.49,4067.61,0.120,12.0,1
2026-07-13 02:29:41,4067.46,4067.56,0.100,10.0,1
2026-07-13 02:29:46,4067.57,4067.62,0.050,5.0,1
2026-07-13 02:29:51,4067.26,4067.36,0.100,10.0,1
2026-07-13 02:29:56,4067.37,4067.42,0.050,5.0,1
2026-07-13 02:30:01,4067.87,4067.95,0.080,8.0,1
2026-07-13 02:30:06,4068.86,4068.98,0.120,12.0,1
2026-07-13 02:30:11,4069.12,4069.24,0.120,12.0,1
2026-07-13 02:30:16,4069.47,4069.59,0.120,12.0,1
2026-07-13 02:30:21,4069.41,4069.48,0.070,7.0,1
2026-07-13 02:30:26,4068.66,4068.78,0.120,12.0,1
2026-07-13 02:30:31,4067.76,4067.83,0.070,7.0,1
2026-07-13 02:30:36,4065.46,4065.58,0.120,12.0,1
2026-07-13 02:30:41,4065.66,4065.78,0.120,12.0,1
2026-07-13 02:30:46,4064.88,4065.00,0.120,12.0,1
2026-07-13 02:30:51,4065.81,4065.93,0.120,12.0,1
2026-07-13 02:30:56,4065.95,4066.04,0.090,9.0,1
2026-07-13 02:31:01,4066.04,4066.11,0.070,7.0,1
2026-07-13 02:31:06,4066.59,4066.71,0.120,12.0,1
2026-07-13 02:31:11,4067.36,4067.45,0.090,9.0,1
2026-07-13 02:31:16,4069.11,4069.23,0.120,12.0,1
2026-07-13 02:31:21,4068.69,4068.81,0.120,12.0,1
2026-07-13 02:31:26,4068.52,4068.64,0.120,12.0,1
2026-07-13 02:31:31,4068.34,4068.39,0.050,5.0,1
2026-07-13 02:31:36,4068.10,4068.15,0.050,5.0,1
2026-07-13 02:31:41,4068.65,4068.75,0.100,10.0,1
2026-07-13 02:31:46,4069.36,4069.44,0.080,8.0,1
2026-07-13 02:31:51,4069.05,4069.11,0.060,6.0,1
2026-07-13 02:31:56,4068.47,4068.53,0.060,6.0,1
2026-07-13 02:32:01,4068.48,4068.54,0.060,6.0,1
2026-07-13 02:32:06,4068.84,4068.89,0.050,5.0,1
2026-07-13 02:32:11,4068.32,4068.44,0.120,12.0,1
2026-07-13 02:32:16,4067.58,4067.67,0.090,9.0,1
2026-07-13 02:32:21,4068.43,4068.54,0.110,11.0,1
2026-07-13 02:32:26,4067.45,4067.57,0.120,12.0,1
2026-07-13 02:32:31,4068.32,4068.44,0.120,12.0,1
2026-07-13 02:32:36,4068.76,4068.88,0.120,12.0,1
2026-07-13 02:32:41,4068.83,4068.91,0.080,8.0,1
2026-07-13 02:32:46,4069.33,4069.45,0.120,12.0,1
2026-07-13 02:32:51,4069.31,4069.43,0.120,12.0,1
2026-07-13 02:32:56,4070.02,4070.14,0.120,12.0,1
2026-07-13 02:33:01,4071.22,4071.34,0.120,12.0,1
2026-07-13 02:33:06,4071.48,4071.60,0.120,12.0,1
2026-07-13 02:33:11,4071.66,4071.71,0.050,5.0,1
2026-07-13 02:33:16,4071.65,4071.71,0.060,6.0,1
2026-07-13 02:33:21,4071.56,4071.68,0.120,12.0,1
2026-07-13 02:33:26,4071.52,4071.64,0.120,12.0,1
2026-07-13 02:33:31,4071.61,4071.73,0.120,12.0,1
2026-07-13 02:33:36,4071.76,4071.83,0.070,7.0,1
2026-07-13 02:33:41,4071.69,4071.76,0.070,7.0,1
2026-07-13 02:33:46,4071.21,4071.33,0.120,12.0,1
2026-07-13 02:33:51,4071.52,4071.63,0.110,11.0,1
2026-07-13 02:33:56,4071.82,4071.89,0.070,7.0,1
2026-07-13 02:34:01,4071.74,4071.80,0.060,6.0,1
2026-07-13 02:34:06,4071.82,4071.87,0.050,5.0,1
2026-07-13 02:34:11,4071.92,4072.00,0.080,8.0,1
2026-07-13 02:34:16,4071.90,4072.00,0.100,10.0,1
2026-07-13 02:34:21,4071.78,4071.85,0.070,7.0,1
2026-07-13 02:34:26,4072.09,4072.16,0.070,7.0,1
2026-07-13 02:34:31,4073.13,4073.25,0.120,12.0,1
2026-07-13 02:34:36,4073.15,4073.23,0.080,8.0,1
2026-07-13 02:34:41,4072.91,4073.03,0.120,12.0,1
2026-07-13 02:34:46,4073.15,4073.25,0.100,10.0,1
2026-07-13 02:34:51,4073.22,4073.27,0.050,5.0,1
2026-07-13 02:34:56,4073.71,4073.83,0.120,12.0,1
2026-07-13 02:35:01,4074.88,4075.00,0.120,12.0,1
2026-07-13 02:35:06,4075.34,4075.46,0.120,12.0,1
2026-07-13 02:35:11,4075.21,4075.33,0.120,12.0,1
2026-07-13 02:35:16,4075.88,4076.00,0.120,12.0,1
2026-07-13 02:35:21,4076.38,4076.48,0.100,10.0,1
2026-07-13 02:35:26,4076.23,4076.33,0.100,10.0,1
2026-07-13 02:35:31,4076.53,4076.58,0.050,5.0,1
2026-07-13 02:35:36,4077.19,4077.31,0.120,12.0,1
2026-07-13 02:35:41,4077.04,4077.15,0.110,11.0,1
2026-07-13 02:35:46,4076.34,4076.44,0.100,10.0,1
2026-07-13 02:35:51,4076.13,4076.19,0.060,6.0,1
2026-07-13 02:35:56,4076.17,4076.23,0.060,6.0,1
2026-07-13 02:36:01,4076.22,4076.30,0.080,8.0,1
2026-07-13 02:36:06,4075.88,4076.00,0.120,12.0,1
2026-07-13 02:36:11,4075.66,4075.78,0.120,12.0,1
2026-07-13 02:36:16,4075.56,4075.61,0.050,5.0,1
2026-07-13 02:36:21,4076.28,4076.40,0.120,12.0,1
2026-07-13 02:36:26,4076.70,4076.76,0.060,6.0,1
2026-07-13 02:36:31,4076.48,4076.53,0.050,5.0,1
2026-07-13 02:36:36,4075.95,4076.07,0.120,12.0,1
2026-07-13 02:36:41,4075.86,4075.97,0.110,11.0,1
2026-07-13 02:36:46,4076.40,4076.45,0.050,5.0,1
2026-07-13 02:36:51,4076.36,4076.42,0.060,6.0,1
2026-07-13 02:36:56,4075.97,4076.09,0.120,12.0,1
2026-07-13 02:37:01,4075.62,4075.68,0.060,6.0,1
2026-07-13 02:37:06,4074.90,4074.95,0.050,5.0,1
2026-07-13 02:37:11,4075.25,4075.36,0.110,11.0,1
2026-07-13 02:37:16,4075.32,4075.37,0.050,5.0,1
2026-07-13 02:37:21,4075.43,4075.50,0.070,7.0,1
2026-07-13 02:37:26,4075.27,4075.32,0.050,5.0,1
2026-07-13 02:37:31,4075.36,4075.42,0.060,6.0,1
2026-07-13 02:37:36,4075.33,4075.38,0.050,5.0,1
2026-07-13 02:37:41,4074.91,4075.02,0.110,11.0,1
2026-07-13 02:37:46,4074.73,4074.81,0.080,8.0,1
2026-07-13 02:37:51,4074.83,4074.88,0.050,5.0,1
2026-07-13 02:37:56,4075.43,4075.50,0.070,7.0,1
2026-07-13 02:38:01,4075.55,4075.67,0.120,12.0,1
2026-07-13 02:38:06,4075.29,4075.41,0.120,12.0,1
2026-07-13 02:38:11,4075.25,4075.31,0.060,6.0,1
2026-07-13 02:38:16,4074.88,4074.93,0.050,5.0,1
2026-07-13 02:38:21,4075.90,4076.02,0.120,12.0,1
2026-07-13 02:38:26,4075.86,4075.96,0.100,10.0,1
2026-07-13 02:38:31,4076.06,4076.16,0.100,10.0,1
2026-07-13 02:38:36,4075.99,4076.07,0.080,8.0,1
2026-07-13 02:38:41,4075.80,4075.85,0.050,5.0,1
2026-07-13 02:38:46,4076.29,4076.41,0.120,12.0,1
2026-07-13 02:38:51,4076.83,4076.95,0.120,12.0,1
2026-07-13 02:38:56,4077.13,4077.24,0.110,11.0,1
2026-07-13 02:39:01,4077.23,4077.35,0.120,12.0,1
2026-07-13 02:39:06,4076.91,4077.03,0.120,12.0,1
2026-07-13 02:39:11,4076.74,4076.85,0.110,11.0,1
2026-07-13 02:39:16,4076.61,4076.66,0.050,5.0,1
2026-07-13 02:39:21,4076.34,4076.39,0.050,5.0,1
2026-07-13 02:39:26,4076.28,4076.33,0.050,5.0,1
2026-07-13 02:39:31,4075.95,4076.00,0.050,5.0,1
2026-07-13 02:39:36,4075.78,4075.83,0.050,5.0,1
2026-07-13 02:39:41,4075.70,4075.75,0.050,5.0,1
2026-07-13 02:39:46,4075.20,4075.25,0.050,5.0,1
2026-07-13 02:39:51,4075.70,4075.82,0.120,12.0,1
2026-07-13 02:39:56,4075.46,4075.58,0.120,12.0,1
2026-07-13 02:40:01,4074.26,4074.38,0.120,12.0,1
2026-07-13 02:40:06,4074.67,4074.79,0.120,12.0,1
2026-07-13 02:40:11,4074.70,4074.82,0.120,12.0,1
2026-07-13 02:40:16,4074.52,4074.60,0.080,8.0,1
2026-07-13 02:40:21,4074.06,4074.18,0.120,12.0,1
2026-07-13 02:40:26,4073.77,4073.83,0.060,6.0,1
2026-07-13 02:40:31,4073.28,4073.35,0.070,7.0,1
2026-07-13 02:40:36,4072.64,4072.76,0.120,12.0,1
2026-07-13 02:40:41,4073.20,4073.32,0.120,12.0,1
2026-07-13 02:40:46,4072.86,4072.96,0.100,10.0,1
2026-07-13 02:40:51,4071.71,4071.82,0.110,11.0,1
2026-07-13 02:40:56,4071.73,4071.82,0.090,9.0,1
2026-07-13 02:41:01,4072.33,4072.45,0.120,12.0,1
2026-07-13 02:41:06,4072.51,4072.63,0.120,12.0,1
2026-07-13 02:41:11,4072.34,4072.46,0.120,12.0,1
2026-07-13 02:41:16,4072.28,4072.34,0.060,6.0,1
2026-07-13 02:41:21,4072.62,4072.67,0.050,5.0,1
2026-07-13 02:41:26,4072.67,4072.72,0.050,5.0,1
2026-07-13 02:41:31,4072.67,4072.72,0.050,5.0,1
2026-07-13 02:41:36,4072.51,4072.56,0.050,5.0,1
2026-07-13 02:41:41,4072.64,4072.69,0.050,5.0,1
2026-07-13 02:41:46,4071.68,4071.80,0.120,12.0,1
2026-07-13 02:41:51,4072.74,4072.86,0.120,12.0,1
2026-07-13 02:41:56,4072.75,4072.87,0.120,12.0,1
2026-07-13 02:42:01,4072.99,4073.08,0.090,9.0,1
2026-07-13 02:42:06,4073.35,4073.40,0.050,5.0,1
2026-07-13 02:42:11,4073.53,4073.60,0.070,7.0,1
2026-07-13 02:42:16,4073.46,4073.51,0.050,5.0,1
2026-07-13 02:42:21,4073.11,4073.16,0.050,5.0,1
2026-07-13 02:42:26,4072.98,4073.03,0.050,5.0,1
2026-07-13 02:42:31,4073.13,4073.20,0.070,7.0,1
2026-07-13 02:42:36,4072.64,4072.69,0.050,5.0,1
2026-07-13 02:42:41,4072.56,4072.67,0.110,11.0,1
2026-07-13 02:42:46,4072.51,4072.60,0.090,9.0,1
2026-07-13 02:42:51,4072.33,4072.41,0.080,8.0,1
2026-07-13 02:42:56,4072.10,4072.17,0.070,7.0,1
2026-07-13 02:43:01,4072.05,4072.11,0.060,6.0,1
2026-07-13 02:43:06,4072.12,4072.17,0.050,5.0,1
2026-07-13 02:43:11,4071.81,4071.93,0.120,12.0,1
2026-07-13 02:43:16,4072.10,4072.22,0.120,12.0,1
2026-07-13 02:43:21,4071.90,4072.02,0.120,12.0,1
2026-07-13 02:43:26,4072.01,4072.13,0.120,12.0,1
2026-07-13 02:43:31,4072.21,4072.33,0.120,12.0,1
2026-07-13 02:43:36,4072.34,4072.46,0.120,12.0,1
2026-07-13 02:43:41,4072.92,4073.02,0.100,10.0,1
2026-07-13 02:43:46,4072.60,4072.67,0.070,7.0,1
2026-07-13 02:43:51,4072.14,4072.22,0.080,8.0,1
2026-07-13 02:43:56,4072.20,4072.27,0.070,7.0,1
2026-07-13 02:44:01,4072.20,4072.25,0.050,5.0,1
2026-07-13 02:44:06,4072.09,4072.14,0.050,5.0,1
2026-07-13 02:44:11,4071.60,4071.72,0.120,12.0,1
2026-07-13 02:44:16,4071.54,4071.63,0.090,9.0,1
2026-07-13 02:44:21,4071.63,4071.69,0.060,6.0,1
2026-07-13 02:44:26,4071.87,4071.93,0.060,6.0,1
2026-07-13 02:44:31,4072.07,4072.12,0.050,5.0,1
2026-07-13 02:44:36,4071.91,4071.96,0.050,5.0,1
2026-07-13 02:44:41,4072.19,4072.24,0.050,5.0,1
2026-07-13 02:44:46,4072.33,4072.38,0.050,5.0,1
2026-07-13 02:44:51,4072.35,4072.40,0.050,5.0,1
2026-07-13 02:44:56,4072.45,4072.50,0.050,5.0,1
2026-07-13 02:45:01,4072.20,4072.32,0.120,12.0,1
2026-07-13 02:45:06,4072.39,4072.51,0.120,12.0,1
2026-07-13 02:45:11,4072.35,4072.44,0.090,9.0,1
2026-07-13 02:45:16,4072.33,4072.38,0.050,5.0,1
2026-07-13 02:45:21,4072.22,4072.27,0.050,5.0,1
2026-07-13 02:45:26,4072.19,4072.24,0.050,5.0,1
2026-07-13 02:45:31,4072.23,4072.29,0.060,6.0,1
2026-07-13 02:45:36,4072.77,4072.82,0.050,5.0,1
2026-07-13 02:45:41,4072.81,4072.93,0.120,12.0,1
2026-07-13 02:45:46,4072.35,4072.46,0.110,11.0,1
2026-07-13 02:45:51,4072.42,4072.54,0.120,12.0,1
2026-07-13 02:45:56,4072.39,4072.50,0.110,11.0,1
2026-07-13 02:46:01,4071.89,4071.99,0.100,10.0,1
2026-07-13 02:46:06,4072.07,4072.15,0.080,8.0,1
2026-07-13 02:46:11,4072.16,4072.21,0.050,5.0,1
2026-07-13 02:46:16,4071.80,4071.92,0.120,12.0,1
2026-07-13 02:46:21,4071.72,4071.84,0.120,12.0,1
2026-07-13 02:46:26,4071.35,4071.47,0.120,12.0,1
2026-07-13 02:46:31,4071.70,4071.82,0.120,12.0,1
2026-07-13 02:46:36,4071.52,4071.64,0.120,12.0,1
2026-07-13 02:46:41,4071.60,4071.67,0.070,7.0,1
2026-07-13 02:46:46,4071.80,4071.86,0.060,6.0,1
2026-07-13 02:46:51,4072.15,4072.27,0.120,12.0,1
2026-07-13 02:46:56,4072.10,4072.22,0.120,12.0,1
2026-07-13 02:47:01,4071.71,4071.79,0.080,8.0,1
2026-07-13 02:47:06,4071.69,4071.81,0.120,12.0,1
2026-07-13 02:47:11,4071.24,4071.36,0.120,12.0,1
2026-07-13 02:47:16,4070.97,4071.09,0.120,12.0,1
2026-07-13 02:47:21,4070.50,4070.55,0.050,5.0,1
2026-07-13 02:47:26,4070.11,4070.20,0.090,9.0,1
2026-07-13 02:47:31,4069.96,4070.08,0.120,12.0,1
2026-07-13 02:47:36,4069.74,4069.82,0.080,8.0,1
2026-07-13 02:47:41,4069.52,4069.57,0.050,5.0,1
2026-07-13 02:47:46,4069.41,4069.51,0.100,10.0,1
2026-07-13 02:47:51,4069.53,4069.58,0.050,5.0,1
2026-07-13 02:47:56,4069.31,4069.36,0.050,5.0,1
2026-07-13 02:48:01,4069.44,4069.54,0.100,10.0,1
2026-07-13 02:48:06,4069.18,4069.30,0.120,12.0,1
2026-07-13 02:48:11,4069.69,4069.81,0.120,12.0,1
