timestamp_utc,bid,ask,spread_usd_oz,spread_pips,market_open
2026-07-14 00:00:04,4002.19,4002.30,0.110,11.0,1
2026-07-14 00:00:09,4001.67,4001.79,0.120,12.0,1
2026-07-14 00:00:14,4001.84,4001.96,0.120,12.0,1
2026-07-14 00:00:19,4000.62,4000.74,0.120,12.0,1
2026-07-14 00:00:24,3999.73,3999.85,0.120,12.0,1
2026-07-14 00:00:29,4000.42,4000.54,0.120,12.0,1
2026-07-14 00:00:34,4001.88,4002.00,0.120,12.0,1
2026-07-14 00:00:39,4002.05,4002.17,0.120,12.0,1
2026-07-14 00:00:44,4001.86,4001.97,0.110,11.0,1
2026-07-14 00:00:49,4001.62,4001.73,0.110,11.0,1
2026-07-14 00:00:54,4001.96,4002.08,0.120,12.0,1
2026-07-14 00:00:59,4003.16,4003.28,0.120,12.0,1
2026-07-14 00:01:04,4002.80,4002.91,0.110,11.0,1
2026-07-14 00:01:09,4003.26,4003.38,0.120,12.0,1
2026-07-14 00:01:14,4003.10,4003.19,0.090,9.0,1
2026-07-14 00:01:19,4003.89,4004.01,0.120,12.0,1
2026-07-14 00:01:24,4004.46,4004.56,0.100,10.0,1
2026-07-14 00:01:29,4004.08,4004.18,0.100,10.0,1
2026-07-14 00:01:39,4002.55,4002.61,0.060,6.0,1
2026-07-14 00:01:44,4002.61,4002.73,0.120,12.0,1
2026-07-14 00:01:49,4001.81,4001.89,0.080,8.0,1
2026-07-14 00:01:54,4001.28,4001.36,0.080,8.0,1
2026-07-14 00:01:59,4001.21,4001.26,0.050,5.0,1
2026-07-14 00:02:04,4000.15,4000.27,0.120,12.0,1
2026-07-14 00:02:09,4000.21,4000.33,0.120,12.0,1
2026-07-14 00:02:14,3999.85,3999.96,0.110,11.0,1
2026-07-14 00:02:19,3998.97,3999.09,0.120,12.0,1
2026-07-14 00:02:24,3998.87,3998.97,0.100,10.0,1
2026-07-14 00:02:29,3997.80,3998.07,0.270,27.0,1
2026-07-14 00:02:34,3997.92,3998.04,0.120,12.0,1
2026-07-14 00:02:39,3998.03,3998.11,0.080,8.0,1
2026-07-14 00:02:44,3997.79,3997.84,0.050,5.0,1
2026-07-14 00:02:49,3997.39,3997.44,0.050,5.0,1
2026-07-14 00:02:54,3996.97,3997.02,0.050,5.0,1
2026-07-14 00:02:59,3996.91,3997.02,0.110,11.0,1
2026-07-14 00:03:04,3997.57,3997.69,0.120,12.0,1
2026-07-14 00:03:09,3998.09,3998.17,0.080,8.0,1
2026-07-14 00:03:14,3998.23,3998.28,0.050,5.0,1
2026-07-14 00:03:19,3997.30,3997.42,0.120,12.0,1
2026-07-14 00:03:24,3997.35,3997.46,0.110,11.0,1
2026-07-14 00:03:29,3997.31,3997.43,0.120,12.0,1
2026-07-14 00:03:34,3997.31,3997.36,0.050,5.0,1
2026-07-14 00:03:39,3997.09,3997.18,0.090,9.0,1
2026-07-14 00:03:44,3997.87,3997.99,0.120,12.0,1
2026-07-14 00:03:49,3997.19,3997.30,0.110,11.0,1
2026-07-14 00:03:54,3996.66,3996.71,0.050,5.0,1
2026-07-14 00:03:59,3996.91,3997.03,0.120,12.0,1
2026-07-14 00:04:04,3996.20,3996.32,0.120,12.0,1
2026-07-14 00:04:09,3996.14,3996.19,0.050,5.0,1
2026-07-14 00:04:14,3996.68,3996.80,0.120,12.0,1
2026-07-14 00:04:19,3996.27,3996.32,0.050,5.0,1
2026-07-14 00:04:24,3994.71,3994.83,0.120,12.0,1
2026-07-14 00:04:29,3994.53,3994.65,0.120,12.0,1
2026-07-14 00:04:34,3993.32,3993.44,0.120,12.0,1
2026-07-14 00:04:39,3993.71,3993.83,0.120,12.0,1
2026-07-14 00:04:44,3993.48,3993.53,0.050,5.0,1
2026-07-14 00:04:49,3993.96,3994.01,0.050,5.0,1
2026-07-14 00:04:54,3993.53,3993.58,0.050,5.0,1
2026-07-14 00:04:59,3993.96,3994.01,0.050,5.0,1
2026-07-14 00:05:04,3993.92,3994.04,0.120,12.0,1
2026-07-14 00:05:09,3993.95,3994.07,0.120,12.0,1
2026-07-14 00:05:14,3994.28,3994.34,0.060,6.0,1
2026-07-14 00:05:19,3993.99,3994.04,0.050,5.0,1
2026-07-14 00:05:24,3993.48,3993.60,0.120,12.0,1
2026-07-14 00:05:29,3993.38,3993.43,0.050,5.0,1
2026-07-14 00:05:34,3994.11,3994.16,0.050,5.0,1
2026-07-14 00:05:39,3993.10,3993.20,0.100,10.0,1
2026-07-14 00:05:44,3993.33,3993.45,0.120,12.0,1
2026-07-14 00:05:49,3993.70,3993.82,0.120,12.0,1
2026-07-14 00:05:54,3992.66,3992.73,0.070,7.0,1
2026-07-14 00:05:59,3992.74,3992.79,0.050,5.0,1
2026-07-14 00:06:04,3991.92,3992.04,0.120,12.0,1
2026-07-14 00:06:09,3991.02,3991.14,0.120,12.0,1
2026-07-14 00:06:14,3992.26,3992.38,0.120,12.0,1
2026-07-14 00:06:19,3991.96,3992.08,0.120,12.0,1
2026-07-14 00:06:24,3992.67,3992.79,0.120,12.0,1
2026-07-14 00:06:29,3992.91,3992.97,0.060,6.0,1
2026-07-14 00:06:34,3992.58,3992.63,0.050,5.0,1
2026-07-14 00:06:39,3993.43,3993.48,0.050,5.0,1
2026-07-14 00:06:44,3991.14,3991.26,0.120,12.0,1
2026-07-14 00:06:49,3990.45,3990.57,0.120,12.0,1
2026-07-14 00:06:54,3991.21,3991.33,0.120,12.0,1
2026-07-14 00:06:59,3991.89,3992.01,0.120,12.0,1
2026-07-14 00:07:04,3991.78,3991.90,0.120,12.0,1
2026-07-14 00:07:09,3991.60,3991.66,0.060,6.0,1
2026-07-14 00:07:14,3990.81,3990.93,0.120,12.0,1
2026-07-14 00:07:19,3991.37,3991.48,0.110,11.0,1
2026-07-14 00:07:24,3989.60,3989.72,0.120,12.0,1
2026-07-14 00:07:29,3987.76,3987.88,0.120,12.0,1
2026-07-14 00:07:34,3985.74,3985.86,0.120,12.0,1
2026-07-14 00:07:39,3987.35,3987.47,0.120,12.0,1
2026-07-14 00:07:44,3986.87,3986.99,0.120,12.0,1
2026-07-14 00:07:49,3988.95,3989.06,0.110,11.0,1
2026-07-14 00:07:54,3989.90,3990.01,0.110,11.0,1
2026-07-14 00:07:59,3990.38,3990.49,0.110,11.0,1
2026-07-14 00:08:04,3990.69,3990.78,0.090,9.0,1
2026-07-14 00:08:09,3990.13,3990.22,0.090,9.0,1
2026-07-14 00:08:14,3990.36,3990.45,0.090,9.0,1
2026-07-14 00:08:19,3990.57,3990.65,0.080,8.0,1
2026-07-14 00:08:24,3991.17,3991.24,0.070,7.0,1
2026-07-14 00:08:29,3991.33,3991.39,0.060,6.0,1
2026-07-14 00:08:34,3991.11,3991.17,0.060,6.0,1
2026-07-14 00:08:39,3991.65,3991.72,0.070,7.0,1
2026-07-14 00:08:44,3991.55,3991.62,0.070,7.0,1
2026-07-14 00:08:49,3990.77,3990.84,0.070,7.0,1
2026-07-14 00:08:54,3991.34,3991.40,0.060,6.0,1
2026-07-14 00:08:59,3991.38,3991.46,0.080,8.0,1
2026-07-14 00:09:04,3991.38,3991.45,0.070,7.0,1
2026-07-14 00:09:09,3992.25,3992.37,0.120,12.0,1
2026-07-14 00:09:14,3993.42,3993.53,0.110,11.0,1
2026-07-14 00:09:19,3993.32,3993.43,0.110,11.0,1
2026-07-14 00:09:24,3994.57,3994.66,0.090,9.0,1
2026-07-14 00:09:29,3994.26,3994.35,0.090,9.0,1
2026-07-14 00:09:34,3994.21,3994.30,0.090,9.0,1
2026-07-14 00:09:39,3994.30,3994.39,0.090,9.0,1
2026-07-14 00:09:44,3993.33,3993.42,0.090,9.0,1
2026-07-14 00:09:49,3992.68,3992.77,0.090,9.0,1
2026-07-14 00:09:54,3993.84,3993.94,0.100,10.0,1
2026-07-14 00:09:59,3995.02,3995.12,0.100,10.0,1
2026-07-14 00:10:04,3994.80,3994.89,0.090,9.0,1
2026-07-14 00:10:09,3995.69,3995.79,0.100,10.0,1
2026-07-14 00:10:14,3995.03,3995.13,0.100,10.0,1
2026-07-14 00:10:19,3995.08,3995.17,0.090,9.0,1
2026-07-14 00:10:24,3996.02,3996.14,0.120,12.0,1
2026-07-14 00:10:29,3996.12,3996.22,0.100,10.0,1
2026-07-14 00:10:34,3997.13,3997.25,0.120,12.0,1
2026-07-14 00:10:39,3998.25,3998.36,0.110,11.0,1
2026-07-14 00:10:44,3998.40,3998.52,0.120,12.0,1
2026-07-14 00:10:49,3998.33,3998.42,0.090,9.0,1
2026-07-14 00:10:54,3997.51,3997.61,0.100,10.0,1
2026-07-14 00:10:59,3998.34,3998.46,0.120,12.0,1
2026-07-14 00:11:04,3998.33,3998.45,0.120,12.0,1
2026-07-14 00:11:09,3997.42,3997.52,0.100,10.0,1
2026-07-14 00:11:14,3996.76,3996.86,0.100,10.0,1
2026-07-14 00:11:19,3996.87,3996.98,0.110,11.0,1
2026-07-14 00:11:24,3996.26,3996.38,0.120,12.0,1
2026-07-14 00:11:29,3996.19,3996.28,0.090,9.0,1
2026-07-14 00:11:34,3995.79,3995.91,0.120,12.0,1
2026-07-14 00:11:39,3996.78,3996.90,0.120,12.0,1
2026-07-14 00:11:44,3997.04,3997.15,0.110,11.0,1
2026-07-14 00:11:49,3997.97,3998.07,0.100,10.0,1
2026-07-14 00:11:54,3998.33,3998.44,0.110,11.0,1
2026-07-14 00:11:59,3998.34,3998.43,0.090,9.0,1
2026-07-14 00:12:04,3998.63,3998.74,0.110,11.0,1
2026-07-14 00:12:09,3997.92,3998.04,0.120,12.0,1
2026-07-14 00:12:14,3996.74,3996.83,0.090,9.0,1
2026-07-14 00:12:19,3996.38,3996.43,0.050,5.0,1
2026-07-14 00:12:24,3996.28,3996.35,0.070,7.0,1
2026-07-14 00:12:29,3995.91,3995.99,0.080,8.0,1
2026-07-14 00:12:34,3996.46,3996.55,0.090,9.0,1
2026-07-14 00:12:39,3996.77,3996.89,0.120,12.0,1
2026-07-14 00:12:44,3996.60,3996.70,0.100,10.0,1
2026-07-14 00:12:49,3996.66,3996.71,0.050,5.0,1
2026-07-14 00:12:54,3995.73,3995.85,0.120,12.0,1
2026-07-14 00:12:59,3995.43,3995.54,0.110,11.0,1
2026-07-14 00:13:04,3993.52,3993.64,0.120,12.0,1
2026-07-14 00:13:09,3992.82,3992.94,0.120,12.0,1
2026-07-14 00:13:14,3992.14,3992.22,0.080,8.0,1
2026-07-14 00:13:19,3992.53,3992.65,0.120,12.0,1
2026-07-14 00:13:24,3992.03,3992.15,0.120,12.0,1
2026-07-14 00:13:29,3991.48,3991.58,0.100,10.0,1
2026-07-14 00:13:34,3991.40,3991.52,0.120,12.0,1
2026-07-14 00:13:39,3992.71,3992.83,0.120,12.0,1
2026-07-14 00:13:44,3992.49,3992.56,0.070,7.0,1
2026-07-14 00:13:49,3993.33,3993.40,0.070,7.0,1
2026-07-14 00:13:54,3993.39,3993.44,0.050,5.0,1
2026-07-14 00:13:59,3993.78,3993.84,0.060,6.0,1
2026-07-14 00:14:04,3993.80,3993.85,0.050,5.0,1
2026-07-14 00:14:09,3994.29,3994.34,0.050,5.0,1
2026-07-14 00:14:14,3994.73,3994.84,0.110,11.0,1
2026-07-14 00:14:19,3994.20,3994.31,0.110,11.0,1
2026-07-14 00:14:24,3994.76,3994.81,0.050,5.0,1
2026-07-14 00:14:29,3994.87,3994.92,0.050,5.0,1
2026-07-14 00:14:34,3995.46,3995.52,0.060,6.0,1
2026-07-14 00:14:39,3994.80,3994.85,0.050,5.0,1
2026-07-14 00:14:44,3995.23,3995.31,0.080,8.0,1
2026-07-14 00:14:49,3994.77,3994.85,0.080,8.0,1
2026-07-14 00:14:54,3994.87,3994.96,0.090,9.0,1
2026-07-14 00:14:59,3995.51,3995.58,0.070,7.0,1
2026-07-14 00:15:04,3995.27,3995.39,0.120,12.0,1
2026-07-14 00:15:09,3995.34,3995.46,0.120,12.0,1
2026-07-14 00:15:14,3994.62,3994.74,0.120,12.0,1
2026-07-14 00:15:19,3994.11,3994.22,0.110,11.0,1
2026-07-14 00:15:24,3993.25,3993.33,0.080,8.0,1
2026-07-14 00:15:29,3993.27,3993.39,0.120,12.0,1
2026-07-14 00:15:34,3992.56,3992.68,0.120,12.0,1
2026-07-14 00:15:39,3992.82,3992.87,0.050,5.0,1
2026-07-14 00:15:44,3991.63,3991.75,0.120,12.0,1
2026-07-14 00:15:49,3991.70,3991.82,0.120,12.0,1
2026-07-14 00:15:54,3992.28,3992.40,0.120,12.0,1
2026-07-14 00:15:59,3992.15,3992.21,0.060,6.0,1
2026-07-14 00:16:04,3991.79,3991.84,0.050,5.0,1
2026-07-14 00:16:09,3992.39,3992.44,0.050,5.0,1
2026-07-14 00:16:14,3992.56,3992.66,0.100,10.0,1
2026-07-14 00:16:19,3992.80,3992.86,0.060,6.0,1
2026-07-14 00:16:24,3992.64,3992.76,0.120,12.0,1
2026-07-14 00:16:29,3993.18,3993.29,0.110,11.0,1
2026-07-14 00:16:34,3992.73,3992.78,0.050,5.0,1
2026-07-14 00:16:39,3992.86,3992.92,0.060,6.0,1
2026-07-14 00:16:44,3992.42,3992.48,0.060,6.0,1
2026-07-14 00:16:49,3992.10,3992.15,0.050,5.0,1
2026-07-14 00:16:54,3992.53,3992.58,0.050,5.0,1
2026-07-14 00:16:59,3991.46,3991.56,0.100,10.0,1
2026-07-14 00:17:04,3991.32,3991.44,0.120,12.0,1
2026-07-14 00:17:09,3991.53,3991.65,0.120,12.0,1
2026-07-14 00:17:14,3991.21,3991.33,0.120,12.0,1
2026-07-14 00:17:19,3990.81,3990.90,0.090,9.0,1
2026-07-14 00:17:24,3991.04,3991.16,0.120,12.0,1
2026-07-14 00:17:29,3991.45,3991.57,0.120,12.0,1
2026-07-14 00:17:34,3991.32,3991.37,0.050,5.0,1
2026-07-14 00:17:39,3991.40,3991.45,0.050,5.0,1
2026-07-14 00:17:44,3991.28,3991.40,0.120,12.0,1
2026-07-14 00:17:49,3991.39,3991.44,0.050,5.0,1
2026-07-14 00:17:54,3990.19,3990.31,0.120,12.0,1
2026-07-14 00:17:59,3991.03,3991.11,0.080,8.0,1
2026-07-14 00:18:04,3991.34,3991.45,0.110,11.0,1
2026-07-14 00:18:09,3991.31,3991.37,0.060,6.0,1
2026-07-14 00:18:14,3990.54,3990.66,0.120,12.0,1
2026-07-14 00:18:19,3990.68,3990.80,0.120,12.0,1
2026-07-14 00:18:24,3990.65,3990.77,0.120,12.0,1
2026-07-14 00:18:29,3991.07,3991.17,0.100,10.0,1
2026-07-14 00:18:34,3991.31,3991.37,0.060,6.0,1
2026-07-14 00:18:39,3991.56,3991.61,0.050,5.0,1
2026-07-14 00:18:44,3990.59,3990.71,0.120,12.0,1
2026-07-14 00:18:49,3991.33,3991.44,0.110,11.0,1
2026-07-14 00:18:54,3991.67,3991.72,0.050,5.0,1
2026-07-14 00:18:59,3991.73,3991.78,0.050,5.0,1
2026-07-14 00:19:04,3991.66,3991.71,0.050,5.0,1
2026-07-14 00:19:09,3991.63,3991.68,0.050,5.0,1
2026-07-14 00:19:14,3991.00,3991.06,0.060,6.0,1
2026-07-14 00:19:19,3990.94,3991.01,0.070,7.0,1
2026-07-14 00:19:24,3990.15,3990.27,0.120,12.0,1
2026-07-14 00:19:29,3990.11,3990.16,0.050,5.0,1
2026-07-14 00:19:34,3989.81,3989.93,0.120,12.0,1
2026-07-14 00:19:39,3990.08,3990.20,0.120,12.0,1
2026-07-14 00:19:44,3989.05,3989.17,0.120,12.0,1
2026-07-14 00:19:49,3988.19,3988.31,0.120,12.0,1
2026-07-14 00:19:54,3987.77,3987.89,0.120,12.0,1
2026-07-14 00:19:59,3988.14,3988.26,0.120,12.0,1
2026-07-14 00:20:04,3987.97,3988.09,0.120,12.0,1
2026-07-14 00:20:09,3988.05,3988.15,0.100,10.0,1
2026-07-14 00:20:14,3986.43,3986.55,0.120,12.0,1
2026-07-14 00:20:19,3986.89,3987.00,0.110,11.0,1
2026-07-14 00:20:24,3986.62,3986.74,0.120,12.0,1
2026-07-14 00:20:29,3986.40,3986.52,0.120,12.0,1
2026-07-14 00:20:34,3987.35,3987.47,0.120,12.0,1
2026-07-14 00:20:39,3987.24,3987.36,0.120,12.0,1
2026-07-14 00:20:44,3986.62,3986.72,0.100,10.0,1
2026-07-14 00:20:49,3986.81,3986.90,0.090,9.0,1
2026-07-14 00:20:54,3987.01,3987.06,0.050,5.0,1
2026-07-14 00:20:59,3987.58,3987.65,0.070,7.0,1
2026-07-14 00:21:04,3988.03,3988.08,0.050,5.0,1
2026-07-14 00:21:09,3987.77,3987.87,0.100,10.0,1
2026-07-14 00:21:14,3988.52,3988.63,0.110,11.0,1
2026-07-14 00:21:19,3989.46,3989.58,0.120,12.0,1
2026-07-14 00:21:24,3989.68,3989.77,0.090,9.0,1
2026-07-14 00:21:29,3989.56,3989.61,0.050,5.0,1
2026-07-14 00:21:34,3990.07,3990.13,0.060,6.0,1
2026-07-14 00:21:39,3988.39,3988.51,0.120,12.0,1
2026-07-14 00:21:44,3988.53,3988.63,0.100,10.0,1
2026-07-14 00:21:49,3988.74,3988.82,0.080,8.0,1
2026-07-14 00:21:54,3989.15,3989.20,0.050,5.0,1
2026-07-14 00:21:59,3989.68,3989.80,0.120,12.0,1
2026-07-14 00:22:04,3989.23,3989.34,0.110,11.0,1
2026-07-14 00:22:09,3988.94,3988.99,0.050,5.0,1
2026-07-14 00:22:14,3988.93,3989.03,0.100,10.0,1
2026-07-14 00:22:19,3989.65,3989.77,0.120,12.0,1
2026-07-14 00:22:24,3989.71,3989.76,0.050,5.0,1
2026-07-14 00:22:29,3989.43,3989.48,0.050,5.0,1
2026-07-14 00:22:34,3989.08,3989.15,0.070,7.0,1
2026-07-14 00:22:39,3989.03,3989.15,0.120,12.0,1
2026-07-14 00:22:44,3989.65,3989.72,0.070,7.0,1
2026-07-14 00:22:49,3989.25,3989.37,0.120,12.0,1
2026-07-14 00:22:54,3989.18,3989.23,0.050,5.0,1
2026-07-14 00:22:59,3989.05,3989.11,0.060,6.0,1
2026-07-14 00:23:04,3987.88,3988.00,0.120,12.0,1
2026-07-14 00:23:09,3986.46,3986.58,0.120,12.0,1
2026-07-14 00:23:14,3986.71,3986.83,0.120,12.0,1
2026-07-14 00:23:19,3987.20,3987.32,0.120,12.0,1
2026-07-14 00:23:24,3987.43,3987.55,0.120,12.0,1
2026-07-14 00:23:29,3986.87,3986.99,0.120,12.0,1
2026-07-14 00:23:34,3987.06,3987.11,0.050,5.0,1
2026-07-14 00:23:39,3986.35,3986.47,0.120,12.0,1
2026-07-14 00:23:44,3986.32,3986.38,0.060,6.0,1
2026-07-14 00:23:49,3986.56,3986.66,0.100,10.0,1
2026-07-14 00:23:54,3986.46,3986.51,0.050,5.0,1
2026-07-14 00:23:59,3986.68,3986.73,0.050,5.0,1
2026-07-14 00:24:04,3986.96,3987.01,0.050,5.0,1
2026-07-14 00:24:09,3987.84,3987.89,0.050,5.0,1
2026-07-14 00:24:14,3987.65,3987.77,0.120,12.0,1
2026-07-14 00:24:19,3987.16,3987.23,0.070,7.0,1
2026-07-14 00:24:24,3987.47,3987.59,0.120,12.0,1
2026-07-14 00:24:29,3988.17,3988.28,0.110,11.0,1
2026-07-14 00:24:34,3988.20,3988.32,0.120,12.0,1
2026-07-14 00:24:39,3988.72,3988.82,0.100,10.0,1
2026-07-14 00:24:44,3989.03,3989.15,0.120,12.0,1
2026-07-14 00:24:49,3988.99,3989.11,0.120,12.0,1
2026-07-14 00:24:54,3990.21,3990.32,0.110,11.0,1
2026-07-14 00:24:59,3990.52,3990.62,0.100,10.0,1
2026-07-14 00:25:04,3990.37,3990.44,0.070,7.0,1
2026-07-14 00:25:09,3990.14,3990.19,0.050,5.0,1
2026-07-14 00:25:14,3990.15,3990.22,0.070,7.0,1
2026-07-14 00:25:19,3989.77,3989.82,0.050,5.0,1
2026-07-14 00:25:24,3990.07,3990.12,0.050,5.0,1
2026-07-14 00:25:29,3989.31,3989.36,0.050,5.0,1
2026-07-14 00:25:34,3989.38,3989.49,0.110,11.0,1
2026-07-14 00:25:39,3989.84,3989.90,0.060,6.0,1
2026-07-14 00:25:44,3989.53,3989.58,0.050,5.0,1
2026-07-14 00:25:49,3989.68,3989.73,0.050,5.0,1
2026-07-14 00:25:54,3989.89,3989.94,0.050,5.0,1
2026-07-14 00:25:59,3989.92,3990.01,0.090,9.0,1
2026-07-14 00:26:04,3990.08,3990.20,0.120,12.0,1
2026-07-14 00:26:09,3989.65,3989.77,0.120,12.0,1
2026-07-14 00:26:14,3989.66,3989.74,0.080,8.0,1
2026-07-14 00:26:19,3990.25,3990.37,0.120,12.0,1
2026-07-14 00:26:24,3990.61,3990.66,0.050,5.0,1
2026-07-14 00:26:29,3990.54,3990.59,0.050,5.0,1
2026-07-14 00:26:34,3990.66,3990.77,0.110,11.0,1
2026-07-14 00:26:39,3990.74,3990.81,0.070,7.0,1
2026-07-14 00:26:44,3990.99,3991.05,0.060,6.0,1
2026-07-14 00:26:49,3990.93,3990.98,0.050,5.0,1
2026-07-14 00:26:54,3990.77,3990.86,0.090,9.0,1
2026-07-14 00:26:59,3990.25,3990.30,0.050,5.0,1
2026-07-14 00:27:04,3989.33,3989.43,0.100,10.0,1
2026-07-14 00:27:09,3989.28,3989.37,0.090,9.0,1
2026-07-14 00:27:14,3990.47,3990.59,0.120,12.0,1
2026-07-14 00:27:19,3990.83,3990.95,0.120,12.0,1
2026-07-14 00:27:24,3991.15,3991.24,0.090,9.0,1
2026-07-14 00:27:29,3990.60,3990.70,0.100,10.0,1
2026-07-14 00:27:34,3990.38,3990.44,0.060,6.0,1
2026-07-14 00:27:39,3990.61,3990.66,0.050,5.0,1
2026-07-14 00:27:44,3990.59,3990.64,0.050,5.0,1
2026-07-14 00:27:49,3991.15,3991.25,0.100,10.0,1
2026-07-14 00:27:54,3991.76,3991.87,0.110,11.0,1
2026-07-14 00:27:59,3992.63,3992.70,0.070,7.0,1
2026-07-14 00:28:04,3992.41,3992.49,0.080,8.0,1
2026-07-14 00:28:09,3992.06,3992.17,0.110,11.0,1
2026-07-14 00:28:14,3992.11,3992.20,0.090,9.0,1
2026-07-14 00:28:19,3992.66,3992.76,0.100,10.0,1
2026-07-14 00:28:24,3992.89,3992.96,0.070,7.0,1
2026-07-14 00:28:29,3993.09,3993.14,0.050,5.0,1
2026-07-14 00:28:34,3993.73,3993.79,0.060,6.0,1
2026-07-14 00:28:39,3996.06,3996.18,0.120,12.0,1
2026-07-14 00:28:44,3996.00,3996.12,0.120,12.0,1
2026-07-14 00:28:49,3995.79,3995.91,0.120,12.0,1
2026-07-14 00:28:54,3995.51,3995.62,0.110,11.0,1
2026-07-14 00:28:59,3995.48,3995.56,0.080,8.0,1
2026-07-14 00:29:04,3995.86,3995.92,0.060,6.0,1
2026-07-14 00:29:09,3996.39,3996.44,0.050,5.0,1
2026-07-14 00:29:14,3995.89,3995.95,0.060,6.0,1
2026-07-14 00:29:19,3996.39,3996.48,0.090,9.0,1
2026-07-14 00:29:24,3996.37,3996.47,0.100,10.0,1
2026-07-14 00:29:29,3996.82,3996.94,0.120,12.0,1
2026-07-14 00:29:34,3996.76,3996.88,0.120,12.0,1
2026-07-14 00:29:39,3996.17,3996.24,0.070,7.0,1
2026-07-14 00:29:44,3996.04,3996.12,0.080,8.0,1
2026-07-14 00:29:49,3995.67,3995.74,0.070,7.0,1
2026-07-14 00:29:54,3995.21,3995.33,0.120,12.0,1
2026-07-14 00:29:59,3995.47,3995.59,0.120,12.0,1
2026-07-14 00:30:04,3997.20,3997.31,0.110,11.0,1
2026-07-14 00:30:09,3996.50,3996.62,0.120,12.0,1
2026-07-14 00:30:14,3996.53,3996.65,0.120,12.0,1
2026-07-14 00:30:19,3996.25,3996.37,0.120,12.0,1
2026-07-14 00:30:24,3995.81,3995.89,0.080,8.0,1
2026-07-14 00:30:29,3997.08,3997.20,0.120,12.0,1
2026-07-14 00:30:34,3996.92,3997.01,0.090,9.0,1
2026-07-14 00:30:39,3996.12,3996.21,0.090,9.0,1
2026-07-14 00:30:44,3996.66,3996.75,0.090,9.0,1
2026-07-14 00:30:49,3996.88,3996.97,0.090,9.0,1
2026-07-14 00:30:54,3996.03,3996.15,0.120,12.0,1
2026-07-14 00:30:59,3995.00,3995.12,0.120,12.0,1
2026-07-14 00:31:04,3996.11,3996.23,0.120,12.0,1
2026-07-14 00:31:09,3995.92,3996.04,0.120,12.0,1
2026-07-14 00:31:14,3995.79,3995.89,0.100,10.0,1
2026-07-14 00:31:19,3995.91,3995.97,0.060,6.0,1
2026-07-14 00:31:24,3995.48,3995.55,0.070,7.0,1
2026-07-14 00:31:29,3996.03,3996.12,0.090,9.0,1
2026-07-14 00:31:34,3996.75,3996.80,0.050,5.0,1
2026-07-14 00:31:39,3995.28,3995.39,0.110,11.0,1
2026-07-14 00:31:44,3995.63,3995.71,0.080,8.0,1
2026-07-14 00:31:49,3996.12,3996.24,0.120,12.0,1
2026-07-14 00:31:54,3996.93,3997.05,0.120,12.0,1
2026-07-14 00:31:59,3996.68,3996.78,0.100,10.0,1
2026-07-14 00:32:04,3996.62,3996.68,0.060,6.0,1
2026-07-14 00:32:09,3996.37,3996.46,0.090,9.0,1
2026-07-14 00:32:14,3996.56,3996.61,0.050,5.0,1
2026-07-14 00:32:19,3996.50,3996.55,0.050,5.0,1
2026-07-14 00:32:24,3996.89,3996.94,0.050,5.0,1
2026-07-14 00:32:29,3997.55,3997.62,0.070,7.0,1
2026-07-14 00:32:34,3997.76,3997.87,0.110,11.0,1
2026-07-14 00:32:39,3996.99,3997.09,0.100,10.0,1
2026-07-14 00:32:44,3996.79,3996.91,0.120,12.0,1
2026-07-14 00:32:49,3997.77,3997.89,0.120,12.0,1
2026-07-14 00:32:54,3997.94,3998.06,0.120,12.0,1
2026-07-14 00:32:59,3998.19,3998.30,0.110,11.0,1
2026-07-14 00:33:04,3999.33,3999.45,0.120,12.0,1
2026-07-14 00:33:09,3998.63,3998.75,0.120,12.0,1
2026-07-14 00:33:14,3999.32,3999.43,0.110,11.0,1
2026-07-14 00:33:19,4000.13,4000.18,0.050,5.0,1
2026-07-14 00:33:24,4001.56,4001.68,0.120,12.0,1
2026-07-14 00:33:29,4001.11,4001.23,0.120,12.0,1
2026-07-14 00:33:34,4000.79,4000.88,0.090,9.0,1
2026-07-14 00:33:39,4001.03,4001.08,0.050,5.0,1
2026-07-14 00:33:44,4000.82,4000.88,0.060,6.0,1
2026-07-14 00:33:49,4000.92,4000.97,0.050,5.0,1
2026-07-14 00:33:54,4001.70,4001.75,0.050,5.0,1
2026-07-14 00:33:59,4001.59,4001.68,0.090,9.0,1
2026-07-14 00:34:04,4001.94,4001.99,0.050,5.0,1
2026-07-14 00:34:09,4003.31,4003.43,0.120,12.0,1
2026-07-14 00:34:14,4003.34,4003.46,0.120,12.0,1
2026-07-14 00:34:19,4003.89,4004.01,0.120,12.0,1
2026-07-14 00:34:24,4003.68,4003.76,0.080,8.0,1
2026-07-14 00:34:29,4005.88,4006.00,0.120,12.0,1
2026-07-14 00:34:34,4006.33,4006.45,0.120,12.0,1
2026-07-14 00:34:39,4006.35,4006.45,0.100,10.0,1
2026-07-14 00:34:44,4006.41,4006.47,0.060,6.0,1
2026-07-14 00:34:49,4005.07,4005.19,0.120,12.0,1
2026-07-14 00:34:54,4005.01,4005.08,0.070,7.0,1
2026-07-14 00:34:59,4005.30,4005.42,0.120,12.0,1
2026-07-14 00:35:09,4004.52,4004.59,0.070,7.0,1
2026-07-14 00:35:14,4004.20,4004.25,0.050,5.0,1
2026-07-14 00:35:19,4005.14,4005.19,0.050,5.0,1
2026-07-14 00:35:24,4005.68,4005.75,0.070,7.0,1
2026-07-14 00:35:29,4007.16,4007.21,0.050,5.0,1
2026-07-14 00:35:34,4005.80,4005.92,0.120,12.0,1
2026-07-14 00:35:39,4005.63,4005.71,0.080,8.0,1
2026-07-14 00:35:44,4005.84,4005.91,0.070,7.0,1
2026-07-14 00:35:49,4005.89,4005.94,0.050,5.0,1
2026-07-14 00:35:54,4005.97,4006.03,0.060,6.0,1
2026-07-14 00:35:59,4006.27,4006.39,0.120,12.0,1
2026-07-14 00:36:04,4005.37,4005.46,0.090,9.0,1
2026-07-14 00:36:09,4004.93,4005.05,0.120,12.0,1
2026-07-14 00:36:14,4004.98,4005.06,0.080,8.0,1
2026-07-14 00:36:19,4003.89,4003.94,0.050,5.0,1
2026-07-14 00:36:24,4003.62,4003.68,0.060,6.0,1
2026-07-14 00:36:29,4003.88,4003.96,0.080,8.0,1
2026-07-14 00:36:34,4003.26,4003.37,0.110,11.0,1
2026-07-14 00:36:39,4002.97,4003.07,0.100,10.0,1
2026-07-14 00:36:44,4003.21,4003.28,0.070,7.0,1
2026-07-14 00:36:49,4002.80,4002.85,0.050,5.0,1
2026-07-14 00:36:54,4002.75,4002.80,0.050,5.0,1
2026-07-14 00:36:59,4002.60,4002.69,0.090,9.0,1
2026-07-14 00:37:04,4002.98,4003.10,0.120,12.0,1
2026-07-14 00:37:09,4003.34,4003.39,0.050,5.0,1
2026-07-14 00:37:14,4002.88,4002.95,0.070,7.0,1
2026-07-14 00:37:19,4003.34,4003.43,0.090,9.0,1
2026-07-14 00:37:24,4003.38,4003.45,0.070,7.0,1
2026-07-14 00:37:29,4003.95,4004.05,0.100,10.0,1
2026-07-14 00:37:34,4003.55,4003.63,0.080,8.0,1
2026-07-14 00:37:39,4003.37,4003.44,0.070,7.0,1
2026-07-14 00:37:44,4004.23,4004.35,0.120,12.0,1
2026-07-14 00:37:49,4004.22,4004.34,0.120,12.0,1
2026-07-14 00:37:54,4004.86,4004.98,0.120,12.0,1
2026-07-14 00:37:59,4004.81,4004.93,0.120,12.0,1
2026-07-14 00:38:04,4004.66,4004.76,0.100,10.0,1
2026-07-14 00:38:09,4003.98,4004.10,0.120,12.0,1
2026-07-14 00:38:14,4004.09,4004.20,0.110,11.0,1
2026-07-14 00:38:19,4003.64,4003.72,0.080,8.0,1
2026-07-14 00:38:24,4003.76,4003.83,0.070,7.0,1
2026-07-14 00:38:29,4003.71,4003.82,0.110,11.0,1
2026-07-14 00:38:34,4003.88,4003.95,0.070,7.0,1
2026-07-14 00:38:39,4004.70,4004.82,0.120,12.0,1
2026-07-14 00:38:44,4004.50,4004.62,0.120,12.0,1
2026-07-14 00:38:49,4004.56,4004.67,0.110,11.0,1
2026-07-14 00:38:54,4004.65,4004.71,0.060,6.0,1
2026-07-14 00:38:59,4004.93,4005.00,0.070,7.0,1
2026-07-14 00:39:04,4004.03,4004.10,0.070,7.0,1
2026-07-14 00:39:09,4003.13,4003.24,0.110,11.0,1
2026-07-14 00:39:14,4002.62,4002.67,0.050,5.0,1
2026-07-14 00:39:19,4003.09,4003.18,0.090,9.0,1
2026-07-14 00:39:24,4002.97,4003.07,0.100,10.0,1
2026-07-14 00:39:29,4002.78,4002.85,0.070,7.0,1
2026-07-14 00:39:34,4002.97,4003.05,0.080,8.0,1
2026-07-14 00:39:39,4003.10,4003.15,0.050,5.0,1
2026-07-14 00:39:44,4003.07,4003.14,0.070,7.0,1
2026-07-14 00:39:49,4002.80,4002.85,0.050,5.0,1
2026-07-14 00:39:54,4003.14,4003.21,0.070,7.0,1
2026-07-14 00:39:59,4003.34,4003.42,0.080,8.0,1
2026-07-14 00:40:04,4002.94,4003.06,0.120,12.0,1
2026-07-14 00:40:09,4003.13,4003.25,0.120,12.0,1
2026-07-14 00:40:14,4003.74,4003.86,0.120,12.0,1
2026-07-14 00:40:19,4004.68,4004.80,0.120,12.0,1
2026-07-14 00:40:24,4004.32,4004.44,0.120,12.0,1
2026-07-14 00:40:29,4005.36,4005.48,0.120,12.0,1
2026-07-14 00:40:34,4005.08,4005.19,0.110,11.0,1
2026-07-14 00:40:39,4004.90,4004.95,0.050,5.0,1
2026-07-14 00:40:44,4004.22,4004.34,0.120,12.0,1
2026-07-14 00:40:49,4005.04,4005.16,0.120,12.0,1
2026-07-14 00:40:54,4003.87,4003.99,0.120,12.0,1
2026-07-14 00:40:59,4003.72,4003.84,0.120,12.0,1
2026-07-14 00:41:04,4003.84,4003.92,0.080,8.0,1
2026-07-14 00:41:09,4003.86,4003.91,0.050,5.0,1
2026-07-14 00:41:14,4003.69,4003.74,0.050,5.0,1
2026-07-14 00:41:19,4003.45,4003.50,0.050,5.0,1
2026-07-14 00:41:24,4003.56,4003.61,0.050,5.0,1
2026-07-14 00:41:29,4003.40,4003.52,0.120,12.0,1
2026-07-14 00:41:34,4002.73,4002.82,0.090,9.0,1
2026-07-14 00:41:39,4002.90,4002.99,0.090,9.0,1
2026-07-14 00:41:44,4001.82,4001.94,0.120,12.0,1
2026-07-14 00:41:49,4000.61,4000.73,0.120,12.0,1
2026-07-14 00:41:54,4001.16,4001.28,0.120,12.0,1
2026-07-14 00:41:59,4000.54,4000.66,0.120,12.0,1
2026-07-14 00:42:04,4001.12,4001.24,0.120,12.0,1
2026-07-14 00:42:09,4000.36,4000.47,0.110,11.0,1
2026-07-14 00:42:14,4000.99,4001.05,0.060,6.0,1
2026-07-14 00:42:19,4001.37,4001.42,0.050,5.0,1
2026-07-14 00:42:24,4001.09,4001.15,0.060,6.0,1
2026-07-14 00:42:29,4000.58,4000.65,0.070,7.0,1
2026-07-14 00:42:34,4000.59,4000.64,0.050,5.0,1
2026-07-14 00:42:39,4000.64,4000.70,0.060,6.0,1
2026-07-14 00:42:44,4000.57,4000.62,0.050,5.0,1
2026-07-14 00:42:49,4001.10,4001.22,0.120,12.0,1
2026-07-14 00:42:54,4001.01,4001.06,0.050,5.0,1
2026-07-14 00:42:59,4001.74,4001.86,0.120,12.0,1
2026-07-14 00:43:04,4001.07,4001.19,0.120,12.0,1
2026-07-14 00:43:09,4001.00,4001.06,0.060,6.0,1
2026-07-14 00:43:14,4001.28,4001.33,0.050,5.0,1
2026-07-14 00:43:19,4001.63,4001.68,0.050,5.0,1
2026-07-14 00:43:24,4001.42,4001.47,0.050,5.0,1
2026-07-14 00:43:29,4001.12,4001.17,0.050,5.0,1
2026-07-14 00:43:34,4001.14,4001.20,0.060,6.0,1
2026-07-14 00:43:39,4001.21,4001.31,0.100,10.0,1
2026-07-14 00:43:44,4001.29,4001.36,0.070,7.0,1
2026-07-14 00:43:49,4000.54,4000.66,0.120,12.0,1
2026-07-14 00:43:54,4001.38,4001.50,0.120,12.0,1
2026-07-14 00:43:59,4001.05,4001.17,0.120,12.0,1
2026-07-14 00:44:04,4000.28,4000.40,0.120,12.0,1
2026-07-14 00:44:09,4000.51,4000.60,0.090,9.0,1
2026-07-14 00:44:14,4000.33,4000.41,0.080,8.0,1
2026-07-14 00:44:19,4000.03,4000.15,0.120,12.0,1
2026-07-14 00:44:24,3999.56,3999.68,0.120,12.0,1
2026-07-14 00:44:29,3999.78,3999.90,0.120,12.0,1
2026-07-14 00:44:34,3999.75,3999.87,0.120,12.0,1
2026-07-14 00:44:39,4000.10,4000.18,0.080,8.0,1
2026-07-14 00:44:44,4000.30,4000.37,0.070,7.0,1
2026-07-14 00:44:49,4000.79,4000.84,0.050,5.0,1
2026-07-14 00:44:54,4001.09,4001.15,0.060,6.0,1
2026-07-14 00:44:59,4002.78,4002.90,0.120,12.0,1
2026-07-14 00:45:04,4002.98,4003.10,0.120,12.0,1
2026-07-14 00:45:09,4003.21,4003.33,0.120,12.0,1
2026-07-14 00:45:14,4004.84,4004.96,0.120,12.0,1
2026-07-14 00:45:19,4006.82,4006.94,0.120,12.0,1
2026-07-14 00:45:24,4006.44,4006.56,0.120,12.0,1
2026-07-14 00:45:29,4005.54,4005.65,0.110,11.0,1
2026-07-14 00:45:34,4006.38,4006.48,0.100,10.0,1
2026-07-14 00:45:39,4006.95,4007.04,0.090,9.0,1
2026-07-14 00:45:44,4006.58,4006.70,0.120,12.0,1
2026-07-14 00:45:49,4005.92,4006.01,0.090,9.0,1
2026-07-14 00:45:54,4006.02,4006.12,0.100,10.0,1
2026-07-14 00:45:59,4005.83,4005.93,0.100,10.0,1
2026-07-14 00:46:04,4005.51,4005.59,0.080,8.0,1
2026-07-14 00:46:09,4005.28,4005.34,0.060,6.0,1
2026-07-14 00:46:14,4005.57,4005.69,0.120,12.0,1
2026-07-14 00:46:19,4005.18,4005.27,0.090,9.0,1
2026-07-14 00:46:24,4005.40,4005.48,0.080,8.0,1
2026-07-14 00:46:29,4004.53,4004.60,0.070,7.0,1
2026-07-14 00:46:34,4004.21,4004.29,0.080,8.0,1
2026-07-14 00:46:39,4003.37,4003.47,0.100,10.0,1
2026-07-14 00:46:44,4003.79,4003.89,0.100,10.0,1
2026-07-14 00:46:49,4003.36,4003.44,0.080,8.0,1
2026-07-14 00:46:54,4003.08,4003.15,0.070,7.0,1
2026-07-14 00:46:59,4003.02,4003.13,0.110,11.0,1
2026-07-14 00:47:04,4002.73,4002.82,0.090,9.0,1
2026-07-14 00:47:09,4002.04,4002.14,0.100,10.0,1
2026-07-14 00:47:14,4002.17,4002.26,0.090,9.0,1
2026-07-14 00:47:19,4001.64,4001.70,0.060,6.0,1
2026-07-14 00:47:24,4000.69,4000.81,0.120,12.0,1
2026-07-14 00:47:29,4001.64,4001.76,0.120,12.0,1
2026-07-14 00:47:34,4001.71,4001.80,0.090,9.0,1
2026-07-14 00:47:39,4001.45,4001.52,0.070,7.0,1
2026-07-14 00:47:44,4001.59,4001.64,0.050,5.0,1
2026-07-14 00:47:49,4003.07,4003.16,0.090,9.0,1
2026-07-14 00:47:54,4002.38,4002.50,0.120,12.0,1
2026-07-14 00:47:59,4002.14,4002.22,0.080,8.0,1
2026-07-14 00:48:04,4002.59,4002.67,0.080,8.0,1
2026-07-14 00:48:09,4002.42,4002.50,0.080,8.0,1
2026-07-14 00:48:14,4002.11,4002.20,0.090,9.0,1
2026-07-14 00:48:19,4002.31,4002.40,0.090,9.0,1
2026-07-14 00:48:24,4001.58,4001.69,0.110,11.0,1
2026-07-14 00:48:29,4001.74,4001.83,0.090,9.0,1
2026-07-14 00:48:34,4001.32,4001.42,0.100,10.0,1
2026-07-14 00:48:39,4001.83,4001.95,0.120,12.0,1
2026-07-14 00:48:44,4001.46,4001.57,0.110,11.0,1
2026-07-14 00:48:49,4001.51,4001.56,0.050,5.0,1
2026-07-14 00:48:54,4002.19,4002.25,0.060,6.0,1
2026-07-14 00:48:59,4003.05,4003.11,0.060,6.0,1
2026-07-14 00:49:04,4003.55,4003.64,0.090,9.0,1
2026-07-14 00:49:09,4002.80,4002.92,0.120,12.0,1
2026-07-14 00:49:14,4003.34,4003.43,0.090,9.0,1
2026-07-14 00:49:19,4003.27,4003.32,0.050,5.0,1
2026-07-14 00:49:24,4003.73,4003.85,0.120,12.0,1
2026-07-14 00:49:29,4002.89,4003.01,0.120,12.0,1
2026-07-14 00:49:34,4002.60,4002.69,0.090,9.0,1
2026-07-14 00:49:39,4002.83,4002.92,0.090,9.0,1
2026-07-14 00:49:44,4002.70,4002.75,0.050,5.0,1
2026-07-14 00:49:49,4002.66,4002.71,0.050,5.0,1
2026-07-14 00:49:54,4002.82,4002.94,0.120,12.0,1
2026-07-14 00:49:59,4002.68,4002.80,0.120,12.0,1
2026-07-14 00:50:04,4002.97,4003.09,0.120,12.0,1
2026-07-14 00:50:09,4003.33,4003.38,0.050,5.0,1
2026-07-14 00:50:14,4003.52,4003.57,0.050,5.0,1
2026-07-14 00:50:19,4003.92,4003.99,0.070,7.0,1
2026-07-14 00:50:24,4004.58,4004.70,0.120,12.0,1
2026-07-14 00:50:29,4004.31,4004.43,0.120,12.0,1
2026-07-14 00:50:34,4005.72,4005.84,0.120,12.0,1
2026-07-14 00:50:39,4005.06,4005.18,0.120,12.0,1
2026-07-14 00:50:44,4004.93,4005.05,0.120,12.0,1
2026-07-14 00:50:49,4005.06,4005.13,0.070,7.0,1
2026-07-14 00:50:54,4004.84,4004.89,0.050,5.0,1
2026-07-14 00:50:59,4004.54,4004.59,0.050,5.0,1
2026-07-14 00:51:04,4003.64,4003.72,0.080,8.0,1
2026-07-14 00:51:09,4003.92,4004.03,0.110,11.0,1
2026-07-14 00:51:14,4003.80,4003.85,0.050,5.0,1
2026-07-14 00:51:19,4003.45,4003.57,0.120,12.0,1
2026-07-14 00:51:24,4003.61,4003.66,0.050,5.0,1
2026-07-14 00:51:29,4003.76,4003.86,0.100,10.0,1
2026-07-14 00:51:34,4003.64,4003.75,0.110,11.0,1
2026-07-14 00:51:39,4003.91,4004.03,0.120,12.0,1
2026-07-14 00:51:44,4003.76,4003.88,0.120,12.0,1
2026-07-14 00:51:49,4004.66,4004.78,0.120,12.0,1
2026-07-14 00:51:54,4004.79,4004.91,0.120,12.0,1
2026-07-14 00:51:59,4005.14,4005.19,0.050,5.0,1
2026-07-14 00:52:04,4004.59,4004.70,0.110,11.0,1
2026-07-14 00:52:09,4004.67,4004.72,0.050,5.0,1
2026-07-14 00:52:14,4004.62,4004.67,0.050,5.0,1
2026-07-14 00:52:19,4004.07,4004.17,0.100,10.0,1
2026-07-14 00:52:24,4004.07,4004.13,0.060,6.0,1
2026-07-14 00:52:29,4004.35,4004.40,0.050,5.0,1
2026-07-14 00:52:34,4004.71,4004.83,0.120,12.0,1
2026-07-14 00:52:39,4004.31,4004.43,0.120,12.0,1
2026-07-14 00:52:44,4004.13,4004.24,0.110,11.0,1
2026-07-14 00:52:49,4004.10,4004.15,0.050,5.0,1
2026-07-14 00:52:54,4004.28,4004.33,0.050,5.0,1
2026-07-14 00:52:59,4003.60,4003.70,0.100,10.0,1
2026-07-14 00:53:04,4004.26,4004.38,0.120,12.0,1
2026-07-14 00:53:09,4003.64,4003.71,0.070,7.0,1
2026-07-14 00:53:14,4003.03,4003.15,0.120,12.0,1
2026-07-14 00:53:19,4003.47,4003.59,0.120,12.0,1
2026-07-14 00:53:24,4002.90,4003.02,0.120,12.0,1
2026-07-14 00:53:29,4003.44,4003.52,0.080,8.0,1
2026-07-14 00:53:34,4003.98,4004.10,0.120,12.0,1
2026-07-14 00:53:39,4003.28,4003.40,0.120,12.0,1
2026-07-14 00:53:44,4003.22,4003.34,0.120,12.0,1
2026-07-14 00:53:49,4003.34,4003.40,0.060,6.0,1
2026-07-14 00:53:54,4003.39,4003.44,0.050,5.0,1
2026-07-14 00:53:59,4002.97,4003.04,0.070,7.0,1
2026-07-14 00:54:04,4003.81,4003.93,0.120,12.0,1
2026-07-14 00:54:09,4003.54,4003.65,0.110,11.0,1
2026-07-14 00:54:14,4004.14,4004.24,0.100,10.0,1
2026-07-14 00:54:19,4003.89,4003.98,0.090,9.0,1
2026-07-14 00:54:24,4003.69,4003.75,0.060,6.0,1
2026-07-14 00:54:29,4003.57,4003.62,0.050,5.0,1
2026-07-14 00:54:34,4003.56,4003.61,0.050,5.0,1
2026-07-14 00:54:39,4002.74,4002.86,0.120,12.0,1
2026-07-14 00:54:44,4003.73,4003.85,0.120,12.0,1
2026-07-14 00:54:49,4003.90,4004.02,0.120,12.0,1
2026-07-14 00:54:54,4004.51,4004.62,0.110,11.0,1
2026-07-14 00:54:59,4004.03,4004.11,0.080,8.0,1
2026-07-14 00:55:04,4004.60,4004.70,0.100,10.0,1
2026-07-14 00:55:09,4005.13,4005.25,0.120,12.0,1
2026-07-14 00:55:14,4004.61,4004.73,0.120,12.0,1
2026-07-14 00:55:19,4004.37,4004.43,0.060,6.0,1
2026-07-14 00:55:24,4004.76,4004.88,0.120,12.0,1
2026-07-14 00:55:29,4005.44,4005.56,0.120,12.0,1
2026-07-14 00:55:34,4006.25,4006.37,0.120,12.0,1
2026-07-14 00:55:39,4006.82,4006.94,0.120,12.0,1
2026-07-14 00:55:44,4006.55,4006.67,0.120,12.0,1
2026-07-14 00:55:49,4006.74,4006.79,0.050,5.0,1
2026-07-14 00:55:54,4006.63,4006.71,0.080,8.0,1
2026-07-14 00:55:59,4006.77,4006.84,0.070,7.0,1
2026-07-14 00:56:04,4006.89,4006.94,0.050,5.0,1
2026-07-14 00:56:09,4005.81,4005.93,0.120,12.0,1
2026-07-14 00:56:14,4005.79,4005.91,0.120,12.0,1
2026-07-14 00:56:19,4006.13,4006.25,0.120,12.0,1
2026-07-14 00:56:24,4005.35,4005.46,0.110,11.0,1
2026-07-14 00:56:29,4004.58,4004.70,0.120,12.0,1
2026-07-14 00:56:34,4004.38,4004.44,0.060,6.0,1
2026-07-14 00:56:39,4004.32,4004.41,0.090,9.0,1
2026-07-14 00:56:44,4003.65,4003.76,0.110,11.0,1
2026-07-14 00:56:49,4003.76,4003.88,0.120,12.0,1
2026-07-14 00:56:54,4004.45,4004.50,0.050,5.0,1
2026-07-14 00:56:59,4004.89,4004.94,0.050,5.0,1
2026-07-14 00:57:04,4005.01,4005.09,0.080,8.0,1
2026-07-14 00:57:09,4004.70,4004.75,0.050,5.0,1
2026-07-14 00:57:14,4004.38,4004.43,0.050,5.0,1
2026-07-14 00:57:19,4004.70,4004.75,0.050,5.0,1
2026-07-14 00:57:24,4005.25,4005.34,0.090,9.0,1
2026-07-14 00:57:29,4005.83,4005.91,0.080,8.0,1
2026-07-14 00:57:34,4005.48,4005.53,0.050,5.0,1
2026-07-14 00:57:39,4006.19,4006.31,0.120,12.0,1
2026-07-14 00:57:44,4006.03,4006.15,0.120,12.0,1
2026-07-14 00:57:49,4006.32,4006.42,0.100,10.0,1
2026-07-14 00:57:54,4006.39,4006.44,0.050,5.0,1
2026-07-14 00:57:59,4005.98,4006.05,0.070,7.0,1
2026-07-14 00:58:04,4006.74,4006.86,0.120,12.0,1
2026-07-14 00:58:09,4006.52,4006.64,0.120,12.0,1
2026-07-14 00:58:14,4006.23,4006.35,0.120,12.0,1
2026-07-14 00:58:19,4005.99,4006.09,0.100,10.0,1
2026-07-14 00:58:24,4006.52,4006.62,0.100,10.0,1
2026-07-14 00:58:29,4006.11,4006.16,0.050,5.0,1
2026-07-14 00:58:34,4005.87,4005.92,0.050,5.0,1
2026-07-14 00:58:39,4005.66,4005.71,0.050,5.0,1
2026-07-14 00:58:44,4006.44,4006.54,0.100,10.0,1
2026-07-14 00:58:49,4006.21,4006.32,0.110,11.0,1
2026-07-14 00:58:54,4006.13,4006.18,0.050,5.0,1
2026-07-14 00:58:59,4006.11,4006.16,0.050,5.0,1
2026-07-14 00:59:04,4004.90,4005.02,0.120,12.0,1
2026-07-14 00:59:09,4004.25,4004.37,0.120,12.0,1
2026-07-14 00:59:14,4004.17,4004.29,0.120,12.0,1
2026-07-14 00:59:19,4003.87,4003.92,0.050,5.0,1
2026-07-14 00:59:24,4004.31,4004.43,0.120,12.0,1
2026-07-14 00:59:29,4004.50,4004.61,0.110,11.0,1
2026-07-14 00:59:34,4004.27,4004.36,0.090,9.0,1
2026-07-14 00:59:39,4004.24,4004.29,0.050,5.0,1
2026-07-14 00:59:44,4004.56,4004.61,0.050,5.0,1
2026-07-14 00:59:49,4004.41,4004.46,0.050,5.0,1
2026-07-14 00:59:54,4004.14,4004.19,0.050,5.0,1
2026-07-14 00:59:59,4004.09,4004.14,0.050,5.0,1
2026-07-14 01:00:04,4000.27,4000.39,0.120,12.0,1
2026-07-14 01:00:09,4001.60,4001.72,0.120,12.0,1
2026-07-14 01:00:14,4000.45,4000.57,0.120,12.0,1
2026-07-14 01:00:19,3999.65,3999.77,0.120,12.0,1
2026-07-14 01:00:24,3999.77,3999.88,0.110,11.0,1
2026-07-14 01:00:29,3998.78,3998.90,0.120,12.0,1
2026-07-14 01:00:34,3997.27,3997.39,0.120,12.0,1
2026-07-14 01:00:39,3998.65,3998.77,0.120,12.0,1
2026-07-14 01:00:44,3999.69,3999.80,0.110,11.0,1
2026-07-14 01:00:49,4000.17,4000.26,0.090,9.0,1
2026-07-14 01:00:54,4000.33,4000.45,0.120,12.0,1
2026-07-14 01:00:59,3999.08,3999.18,0.100,10.0,1
2026-07-14 01:01:04,3999.08,3999.17,0.090,9.0,1
2026-07-14 01:01:09,3997.96,3998.08,0.120,12.0,1
2026-07-14 01:01:14,3998.25,3998.37,0.120,12.0,1
2026-07-14 01:01:19,3998.41,3998.52,0.110,11.0,1
2026-07-14 01:01:24,3997.60,3997.72,0.120,12.0,1
2026-07-14 01:01:29,3997.45,3997.54,0.090,9.0,1
2026-07-14 01:01:34,3996.97,3997.07,0.100,10.0,1
2026-07-14 01:01:39,3996.04,3996.14,0.100,10.0,1
2026-07-14 01:01:44,3996.04,3996.11,0.070,7.0,1
2026-07-14 01:01:49,3994.97,3995.09,0.120,12.0,1
2026-07-14 01:01:54,3994.87,3994.96,0.090,9.0,1
2026-07-14 01:01:59,3994.13,3994.25,0.120,12.0,1
2026-07-14 01:02:04,3994.91,3995.03,0.120,12.0,1
2026-07-14 01:02:09,3993.97,3994.09,0.120,12.0,1
2026-07-14 01:02:14,3994.94,3995.03,0.090,9.0,1
2026-07-14 01:02:19,3994.61,3994.73,0.120,12.0,1
2026-07-14 01:02:24,3994.83,3994.93,0.100,10.0,1
2026-07-14 01:02:29,3995.14,3995.26,0.120,12.0,1
2026-07-14 01:02:34,3994.21,3994.33,0.120,12.0,1
2026-07-14 01:02:39,3992.98,3993.09,0.110,11.0,1
2026-07-14 01:02:44,3993.80,3993.92,0.120,12.0,1
2026-07-14 01:02:49,3993.41,3993.49,0.080,8.0,1
2026-07-14 01:02:54,3993.84,3993.93,0.090,9.0,1
2026-07-14 01:02:59,3993.64,3993.69,0.050,5.0,1
2026-07-14 01:03:04,3993.81,3993.93,0.120,12.0,1
2026-07-14 01:03:09,3993.26,3993.38,0.120,12.0,1
2026-07-14 01:03:14,3994.38,3994.50,0.120,12.0,1
2026-07-14 01:03:19,3995.28,3995.40,0.120,12.0,1
2026-07-14 01:03:24,3994.72,3994.84,0.120,12.0,1
2026-07-14 01:03:29,3995.32,3995.44,0.120,12.0,1
2026-07-14 01:03:34,3996.56,3996.68,0.120,12.0,1
2026-07-14 01:03:39,3996.15,3996.27,0.120,12.0,1
2026-07-14 01:03:44,3995.99,3996.09,0.100,10.0,1
2026-07-14 01:03:49,3996.29,3996.34,0.050,5.0,1
2026-07-14 01:03:54,3997.09,3997.14,0.050,5.0,1
2026-07-14 01:03:59,3996.90,3996.95,0.050,5.0,1
2026-07-14 01:04:04,3997.41,3997.46,0.050,5.0,1
2026-07-14 01:04:09,3997.06,3997.14,0.080,8.0,1
2026-07-14 01:04:14,3997.54,3997.59,0.050,5.0,1
2026-07-14 01:04:19,3997.79,3997.84,0.050,5.0,1
2026-07-14 01:04:24,3997.77,3997.89,0.120,12.0,1
2026-07-14 01:04:29,3997.67,3997.79,0.120,12.0,1
2026-07-14 01:04:34,3997.62,3997.72,0.100,10.0,1
2026-07-14 01:04:39,3996.89,3996.99,0.100,10.0,1
2026-07-14 01:04:44,3998.46,3998.58,0.120,12.0,1
2026-07-14 01:04:49,3998.54,3998.65,0.110,11.0,1
2026-07-14 01:04:54,3998.65,3998.70,0.050,5.0,1
2026-07-14 01:04:59,3997.98,3998.03,0.050,5.0,1
2026-07-14 01:05:04,3998.68,3998.80,0.120,12.0,1
2026-07-14 01:05:09,3999.05,3999.17,0.120,12.0,1
2026-07-14 01:05:14,3999.43,3999.48,0.050,5.0,1
2026-07-14 01:05:19,3999.19,3999.24,0.050,5.0,1
2026-07-14 01:05:24,3999.16,3999.21,0.050,5.0,1
2026-07-14 01:05:29,3998.67,3998.72,0.050,5.0,1
2026-07-14 01:05:34,3997.61,3997.73,0.120,12.0,1
2026-07-14 01:05:39,3998.16,3998.25,0.090,9.0,1
2026-07-14 01:05:44,3998.00,3998.08,0.080,8.0,1
2026-07-14 01:05:49,3997.47,3997.55,0.080,8.0,1
2026-07-14 01:05:54,3996.50,3996.58,0.080,8.0,1
2026-07-14 01:05:59,3996.87,3996.92,0.050,5.0,1
2026-07-14 01:06:04,3996.27,3996.36,0.090,9.0,1
2026-07-14 01:06:09,3996.55,3996.65,0.100,10.0,1
2026-07-14 01:06:14,3997.55,3997.67,0.120,12.0,1
2026-07-14 01:06:19,3997.24,3997.35,0.110,11.0,1
2026-07-14 01:06:24,3997.40,3997.52,0.120,12.0,1
2026-07-14 01:06:29,3997.87,3997.94,0.070,7.0,1
2026-07-14 01:06:34,3995.17,3995.25,0.080,8.0,1
2026-07-14 01:06:39,3994.47,3994.59,0.120,12.0,1
2026-07-14 01:06:44,3994.51,3994.63,0.120,12.0,1
2026-07-14 01:06:49,3993.67,3993.79,0.120,12.0,1
2026-07-14 01:06:54,3994.08,3994.18,0.100,10.0,1
2026-07-14 01:06:59,3994.12,3994.21,0.090,9.0,1
2026-07-14 01:07:04,3994.32,3994.38,0.060,6.0,1
2026-07-14 01:07:09,3993.70,3993.82,0.120,12.0,1
2026-07-14 01:07:14,3994.17,3994.28,0.110,11.0,1
2026-07-14 01:07:19,3994.56,3994.63,0.070,7.0,1
2026-07-14 01:07:24,3994.99,3995.04,0.050,5.0,1
2026-07-14 01:07:29,3995.76,3995.81,0.050,5.0,1
2026-07-14 01:07:34,3996.22,3996.27,0.050,5.0,1
2026-07-14 01:07:39,3996.15,3996.20,0.050,5.0,1
2026-07-14 01:07:44,3995.30,3995.39,0.090,9.0,1
2026-07-14 01:07:49,3993.20,3993.29,0.090,9.0,1
2026-07-14 01:07:54,3993.01,3993.13,0.120,12.0,1
2026-07-14 01:07:59,3993.06,3993.18,0.120,12.0,1
2026-07-14 01:08:04,3993.66,3993.78,0.120,12.0,1
2026-07-14 01:08:09,3993.68,3993.74,0.060,6.0,1
2026-07-14 01:08:14,3994.29,3994.37,0.080,8.0,1
2026-07-14 01:08:19,3993.60,3993.66,0.060,6.0,1
2026-07-14 01:08:24,3993.00,3993.12,0.120,12.0,1
2026-07-14 01:08:29,3993.01,3993.13,0.120,12.0,1
2026-07-14 01:08:34,3994.82,3994.94,0.120,12.0,1
2026-07-14 01:08:39,3994.28,3994.40,0.120,12.0,1
2026-07-14 01:08:44,3995.15,3995.27,0.120,12.0,1
2026-07-14 01:08:49,3995.10,3995.16,0.060,6.0,1
2026-07-14 01:08:54,3995.38,3995.44,0.060,6.0,1
2026-07-14 01:08:59,3995.39,3995.44,0.050,5.0,1
2026-07-14 01:09:04,3994.39,3994.46,0.070,7.0,1
2026-07-14 01:09:09,3994.86,3994.91,0.050,5.0,1
2026-07-14 01:09:14,3994.29,3994.34,0.050,5.0,1
2026-07-14 01:09:19,3994.86,3994.93,0.070,7.0,1
2026-07-14 01:09:24,3994.36,3994.48,0.120,12.0,1
2026-07-14 01:09:29,3994.67,3994.75,0.080,8.0,1
2026-07-14 01:09:34,3994.99,3995.06,0.070,7.0,1
2026-07-14 01:09:39,3995.22,3995.27,0.050,5.0,1
2026-07-14 01:09:44,3995.47,3995.52,0.050,5.0,1
2026-07-14 01:09:49,3995.10,3995.18,0.080,8.0,1
2026-07-14 01:09:54,3994.59,3994.64,0.050,5.0,1
2026-07-14 01:09:59,3995.21,3995.33,0.120,12.0,1
2026-07-14 01:10:04,3994.07,3994.12,0.050,5.0,1
2026-07-14 01:10:09,3994.62,3994.74,0.120,12.0,1
2026-07-14 01:10:14,3994.72,3994.82,0.100,10.0,1
2026-07-14 01:10:19,3994.64,3994.76,0.120,12.0,1
2026-07-14 01:10:24,3994.74,3994.79,0.050,5.0,1
2026-07-14 01:10:29,3994.48,3994.53,0.050,5.0,1
2026-07-14 01:10:34,3994.05,3994.12,0.070,7.0,1
2026-07-14 01:10:39,3993.43,3993.55,0.120,12.0,1
2026-07-14 01:10:44,3994.78,3994.90,0.120,12.0,1
2026-07-14 01:10:49,3994.43,3994.55,0.120,12.0,1
2026-07-14 01:10:54,3995.24,3995.36,0.120,12.0,1
2026-07-14 01:10:59,3994.46,3994.53,0.070,7.0,1
2026-07-14 01:11:04,3994.85,3994.97,0.120,12.0,1
2026-07-14 01:11:09,3994.35,3994.47,0.120,12.0,1
2026-07-14 01:11:14,3993.62,3993.70,0.080,8.0,1
2026-07-14 01:11:19,3994.99,3995.11,0.120,12.0,1
2026-07-14 01:11:24,3995.04,3995.16,0.120,12.0,1
2026-07-14 01:11:29,3995.39,3995.48,0.090,9.0,1
2026-07-14 01:11:34,3995.46,3995.58,0.120,12.0,1
2026-07-14 01:11:39,3995.17,3995.22,0.050,5.0,1
2026-07-14 01:11:44,3995.45,3995.57,0.120,12.0,1
2026-07-14 01:11:49,3995.64,3995.72,0.080,8.0,1
2026-07-14 01:11:54,3995.58,3995.63,0.050,5.0,1
2026-07-14 01:11:59,3994.82,3994.87,0.050,5.0,1
2026-07-14 01:12:04,3995.42,3995.54,0.120,12.0,1
2026-07-14 01:12:09,3995.62,3995.74,0.120,12.0,1
2026-07-14 01:12:14,3993.91,3994.03,0.120,12.0,1
2026-07-14 01:12:19,3993.74,3993.82,0.080,8.0,1
2026-07-14 01:12:24,3994.15,3994.27,0.120,12.0,1
2026-07-14 01:12:29,3993.77,3993.88,0.110,11.0,1
2026-07-14 01:12:34,3994.03,3994.08,0.050,5.0,1
2026-07-14 01:12:39,3994.67,3994.72,0.050,5.0,1
2026-07-14 01:12:44,3995.29,3995.34,0.050,5.0,1
2026-07-14 01:12:49,3994.51,3994.63,0.120,12.0,1
2026-07-14 01:12:54,3994.77,3994.87,0.100,10.0,1
2026-07-14 01:12:59,3996.41,3996.53,0.120,12.0,1
2026-07-14 01:13:04,3996.88,3997.00,0.120,12.0,1
2026-07-14 01:13:09,3996.69,3996.75,0.060,6.0,1
2026-07-14 01:13:14,3997.54,3997.60,0.060,6.0,1
2026-07-14 01:13:19,3997.92,3998.04,0.120,12.0,1
2026-07-14 01:13:24,3997.56,3997.68,0.120,12.0,1
2026-07-14 01:13:29,3997.30,3997.35,0.050,5.0,1
2026-07-14 01:13:34,3995.91,3996.02,0.110,11.0,1
2026-07-14 01:13:39,3996.39,3996.44,0.050,5.0,1
2026-07-14 01:13:44,3996.51,3996.56,0.050,5.0,1
2026-07-14 01:13:49,3996.22,3996.27,0.050,5.0,1
2026-07-14 01:13:54,3996.35,3996.40,0.050,5.0,1
2026-07-14 01:13:59,3996.14,3996.19,0.050,5.0,1
2026-07-14 01:14:04,3996.23,3996.30,0.070,7.0,1
2026-07-14 01:14:09,3996.44,3996.49,0.050,5.0,1
2026-07-14 01:14:14,3996.23,3996.29,0.060,6.0,1
2026-07-14 01:14:19,3996.30,3996.40,0.100,10.0,1
2026-07-14 01:14:24,3996.76,3996.82,0.060,6.0,1
2026-07-14 01:14:29,3996.67,3996.79,0.120,12.0,1
2026-07-14 01:14:34,3996.60,3996.71,0.110,11.0,1
2026-07-14 01:14:39,3995.97,3996.07,0.100,10.0,1
2026-07-14 01:14:44,3996.20,3996.32,0.120,12.0,1
2026-07-14 01:14:49,3995.54,3995.66,0.120,12.0,1
2026-07-14 01:14:54,3995.20,3995.32,0.120,12.0,1
2026-07-14 01:14:59,3995.45,3995.53,0.080,8.0,1
2026-07-14 01:15:04,3996.24,3996.35,0.110,11.0,1
2026-07-14 01:15:09,3995.48,3995.58,0.100,10.0,1
2026-07-14 01:15:14,3996.20,3996.30,0.100,10.0,1
2026-07-14 01:15:19,3995.76,3995.88,0.120,12.0,1
2026-07-14 01:15:24,3996.37,3996.47,0.100,10.0,1
2026-07-14 01:15:29,3996.57,3996.69,0.120,12.0,1
2026-07-14 01:15:34,3996.25,3996.30,0.050,5.0,1
2026-07-14 01:15:39,3997.20,3997.29,0.090,9.0,1
2026-07-14 01:15:44,3998.01,3998.06,0.050,5.0,1
2026-07-14 01:15:49,3998.44,3998.54,0.100,10.0,1
2026-07-14 01:15:54,3998.70,3998.75,0.050,5.0,1
2026-07-14 01:15:59,3998.67,3998.72,0.050,5.0,1
2026-07-14 01:16:04,3997.89,3997.94,0.050,5.0,1
2026-07-14 01:16:09,3998.26,3998.32,0.060,6.0,1
2026-07-14 01:16:14,3998.58,3998.63,0.050,5.0,1
2026-07-14 01:16:19,3998.88,3998.93,0.050,5.0,1
2026-07-14 01:16:24,3998.02,3998.14,0.120,12.0,1
2026-07-14 01:16:29,3998.37,3998.49,0.120,12.0,1
2026-07-14 01:16:34,3998.21,3998.33,0.120,12.0,1
2026-07-14 01:16:39,3998.39,3998.44,0.050,5.0,1
2026-07-14 01:16:44,3998.61,3998.72,0.110,11.0,1
2026-07-14 01:16:49,3999.31,3999.37,0.060,6.0,1
2026-07-14 01:16:54,3999.28,3999.34,0.060,6.0,1
2026-07-14 01:16:59,3999.55,3999.60,0.050,5.0,1
2026-07-14 01:17:04,3998.29,3998.34,0.050,5.0,1
2026-07-14 01:17:09,3999.86,3999.98,0.120,12.0,1
2026-07-14 01:17:14,4000.55,4000.67,0.120,12.0,1
2026-07-14 01:17:19,4000.48,4000.54,0.060,6.0,1
2026-07-14 01:17:24,4000.41,4000.49,0.080,8.0,1
2026-07-14 01:17:29,4000.38,4000.44,0.060,6.0,1
2026-07-14 01:17:34,4001.02,4001.07,0.050,5.0,1
2026-07-14 01:17:39,4001.11,4001.23,0.120,12.0,1
2026-07-14 01:17:44,4002.30,4002.42,0.120,12.0,1
2026-07-14 01:17:49,4002.35,4002.47,0.120,12.0,1
2026-07-14 01:17:54,4002.55,4002.63,0.080,8.0,1
2026-07-14 01:17:59,4002.41,4002.52,0.110,11.0,1
2026-07-14 01:18:04,4002.34,4002.39,0.050,5.0,1
2026-07-14 01:18:09,4003.24,4003.30,0.060,6.0,1
2026-07-14 01:18:14,4002.51,4002.61,0.100,10.0,1
2026-07-14 01:18:19,4001.70,4001.82,0.120,12.0,1
2026-07-14 01:18:24,4001.51,4001.63,0.120,12.0,1
2026-07-14 01:18:29,4001.50,4001.60,0.100,10.0,1
2026-07-14 01:18:34,4001.51,4001.56,0.050,5.0,1
2026-07-14 01:18:39,4002.27,4002.39,0.120,12.0,1
2026-07-14 01:18:44,4002.30,4002.39,0.090,9.0,1
2026-07-14 01:18:49,4002.21,4002.26,0.050,5.0,1
2026-07-14 01:18:54,4002.70,4002.78,0.080,8.0,1
2026-07-14 01:18:59,4002.76,4002.81,0.050,5.0,1
2026-07-14 01:19:04,4002.93,4002.98,0.050,5.0,1
2026-07-14 01:19:09,4004.20,4004.32,0.120,12.0,1
2026-07-14 01:19:14,4004.19,4004.28,0.090,9.0,1
2026-07-14 01:19:19,4004.72,4004.78,0.060,6.0,1
2026-07-14 01:19:24,4004.68,4004.73,0.050,5.0,1
2026-07-14 01:19:29,4004.33,4004.38,0.050,5.0,1
2026-07-14 01:19:34,4004.25,4004.31,0.060,6.0,1
2026-07-14 01:19:39,4004.23,4004.28,0.050,5.0,1
2026-07-14 01:19:44,4003.17,4003.27,0.100,10.0,1
2026-07-14 01:19:49,4003.47,4003.59,0.120,12.0,1
2026-07-14 01:19:54,4003.16,4003.23,0.070,7.0,1
2026-07-14 01:19:59,4003.28,4003.36,0.080,8.0,1
2026-07-14 01:20:04,4003.05,4003.13,0.080,8.0,1
2026-07-14 01:20:09,4002.49,4002.61,0.120,12.0,1
2026-07-14 01:20:14,4002.73,4002.85,0.120,12.0,1
2026-07-14 01:20:19,4002.50,4002.62,0.120,12.0,1
2026-07-14 01:20:24,4002.47,4002.58,0.110,11.0,1
2026-07-14 01:20:29,4001.93,4002.05,0.120,12.0,1
2026-07-14 01:20:34,4001.27,4001.36,0.090,9.0,1
2026-07-14 01:20:39,4000.72,4000.84,0.120,12.0,1
2026-07-14 01:20:44,4000.56,4000.66,0.100,10.0,1
2026-07-14 01:20:49,4000.89,4000.94,0.050,5.0,1
2026-07-14 01:20:54,4000.52,4000.57,0.050,5.0,1
2026-07-14 01:20:59,4001.20,4001.32,0.120,12.0,1
2026-07-14 01:21:04,4001.09,4001.21,0.120,12.0,1
2026-07-14 01:21:09,4000.95,4001.07,0.120,12.0,1
2026-07-14 01:21:14,4000.89,4000.97,0.080,8.0,1
2026-07-14 01:21:19,4000.88,4000.95,0.070,7.0,1
2026-07-14 01:21:24,4000.76,4000.81,0.050,5.0,1
2026-07-14 01:21:29,4000.75,4000.80,0.050,5.0,1
2026-07-14 01:21:34,4000.20,4000.25,0.050,5.0,1
2026-07-14 01:21:39,4000.19,4000.24,0.050,5.0,1
2026-07-14 01:21:44,3999.98,4000.10,0.120,12.0,1
2026-07-14 01:21:49,3998.77,3998.89,0.120,12.0,1
2026-07-14 01:21:54,3998.18,3998.30,0.120,12.0,1
2026-07-14 01:21:59,3998.81,3998.93,0.120,12.0,1
2026-07-14 01:22:04,3998.81,3998.93,0.120,12.0,1
2026-07-14 01:22:09,3999.25,3999.30,0.050,5.0,1
2026-07-14 01:22:14,3999.37,3999.42,0.050,5.0,1
2026-07-14 01:22:19,3999.34,3999.39,0.050,5.0,1
2026-07-14 01:22:24,3999.82,3999.89,0.070,7.0,1
2026-07-14 01:22:29,3999.68,3999.73,0.050,5.0,1
2026-07-14 01:22:34,3999.80,3999.89,0.090,9.0,1
2026-07-14 01:22:39,4000.20,4000.31,0.110,11.0,1
2026-07-14 01:22:44,3999.75,3999.83,0.080,8.0,1
2026-07-14 01:22:49,3998.54,3998.66,0.120,12.0,1
2026-07-14 01:22:54,3998.17,3998.29,0.120,12.0,1
2026-07-14 01:22:59,3998.36,3998.43,0.070,7.0,1
2026-07-14 01:23:04,3998.32,3998.37,0.050,5.0,1
2026-07-14 01:23:09,3998.70,3998.82,0.120,12.0,1
2026-07-14 01:23:14,3998.75,3998.82,0.070,7.0,1
2026-07-14 01:23:19,3998.77,3998.82,0.050,5.0,1
2026-07-14 01:23:24,3998.45,3998.50,0.050,5.0,1
2026-07-14 01:23:29,3998.45,3998.57,0.120,12.0,1
2026-07-14 01:23:34,3997.72,3997.84,0.120,12.0,1
2026-07-14 01:23:39,3997.38,3997.43,0.050,5.0,1
2026-07-14 01:23:44,3997.01,3997.06,0.050,5.0,1
2026-07-14 01:23:49,3997.62,3997.67,0.050,5.0,1
2026-07-14 01:23:54,3997.76,3997.81,0.050,5.0,1
2026-07-14 01:23:59,3997.64,3997.69,0.050,5.0,1
2026-07-14 01:24:04,3998.08,3998.13,0.050,5.0,1
2026-07-14 01:24:09,3997.88,3997.93,0.050,5.0,1
2026-07-14 01:24:14,3997.88,3998.00,0.120,12.0,1
2026-07-14 01:24:19,3997.64,3997.69,0.050,5.0,1
2026-07-14 01:24:24,3997.62,3997.67,0.050,5.0,1
2026-07-14 01:24:29,3997.92,3997.97,0.050,5.0,1
2026-07-14 01:24:34,3998.10,3998.15,0.050,5.0,1
2026-07-14 01:24:39,3997.57,3997.65,0.080,8.0,1
2026-07-14 01:24:44,3997.52,3997.64,0.120,12.0,1
2026-07-14 01:24:49,3997.54,3997.66,0.120,12.0,1
2026-07-14 01:24:54,3997.95,3998.07,0.120,12.0,1
2026-07-14 01:24:59,3997.60,3997.72,0.120,12.0,1
2026-07-14 01:25:04,3996.39,3996.51,0.120,12.0,1
2026-07-14 01:25:09,3997.05,3997.17,0.120,12.0,1
2026-07-14 01:25:14,3996.92,3997.04,0.120,12.0,1
2026-07-14 01:25:19,3996.77,3996.87,0.100,10.0,1
2026-07-14 01:25:24,3996.60,3996.68,0.080,8.0,1
2026-07-14 01:25:29,3996.42,3996.47,0.050,5.0,1
2026-07-14 01:25:34,3996.52,3996.57,0.050,5.0,1
2026-07-14 01:25:39,3996.63,3996.72,0.090,9.0,1
2026-07-14 01:25:44,3997.00,3997.12,0.120,12.0,1
2026-07-14 01:25:49,3998.27,3998.39,0.120,12.0,1
2026-07-14 01:25:54,3998.47,3998.58,0.110,11.0,1
2026-07-14 01:25:59,3997.35,3997.45,0.100,10.0,1
2026-07-14 01:26:04,3997.66,3997.77,0.110,11.0,1
2026-07-14 01:26:09,3997.44,3997.49,0.050,5.0,1
2026-07-14 01:26:14,3998.04,3998.16,0.120,12.0,1
2026-07-14 01:26:19,3997.64,3997.76,0.120,12.0,1
2026-07-14 01:26:24,3997.34,3997.46,0.120,12.0,1
2026-07-14 01:26:29,3996.90,3996.97,0.070,7.0,1
2026-07-14 01:26:34,3996.93,3996.98,0.050,5.0,1
2026-07-14 01:26:39,3996.90,3996.97,0.070,7.0,1
2026-07-14 01:26:44,3996.65,3996.70,0.050,5.0,1
2026-07-14 01:26:49,3996.85,3996.90,0.050,5.0,1
2026-07-14 01:26:54,3997.10,3997.16,0.060,6.0,1
2026-07-14 01:26:59,3997.37,3997.45,0.080,8.0,1
2026-07-14 01:27:04,3998.54,3998.66,0.120,12.0,1
2026-07-14 01:27:09,3999.29,3999.41,0.120,12.0,1
2026-07-14 01:27:14,3999.31,3999.39,0.080,8.0,1
2026-07-14 01:27:19,3999.52,3999.57,0.050,5.0,1
2026-07-14 01:27:24,3999.09,3999.14,0.050,5.0,1
2026-07-14 01:27:29,3998.57,3998.66,0.090,9.0,1
2026-07-14 01:27:34,3998.49,3998.60,0.110,11.0,1
2026-07-14 01:27:39,3998.72,3998.79,0.070,7.0,1
2026-07-14 01:27:44,3998.28,3998.36,0.080,8.0,1
2026-07-14 01:27:49,3997.96,3998.01,0.050,5.0,1
2026-07-14 01:27:54,3997.28,3997.35,0.070,7.0,1
2026-07-14 01:27:59,3996.83,3996.88,0.050,5.0,1
2026-07-14 01:28:04,3996.91,3996.96,0.050,5.0,1
2026-07-14 01:28:09,3996.69,3996.74,0.050,5.0,1
2026-07-14 01:28:14,3996.83,3996.88,0.050,5.0,1
2026-07-14 01:28:19,3997.35,3997.47,0.120,12.0,1
2026-07-14 01:28:24,3997.69,3997.80,0.110,11.0,1
2026-07-14 01:28:29,3997.44,3997.49,0.050,5.0,1
2026-07-14 01:28:34,3997.05,3997.14,0.090,9.0,1
2026-07-14 01:28:39,3997.09,3997.15,0.060,6.0,1
2026-07-14 01:28:44,3997.26,3997.31,0.050,5.0,1
2026-07-14 01:28:49,3997.40,3997.49,0.090,9.0,1
2026-07-14 01:28:54,3997.53,3997.63,0.100,10.0,1
2026-07-14 01:28:59,3997.20,3997.31,0.110,11.0,1
2026-07-14 01:29:04,3996.57,3996.69,0.120,12.0,1
2026-07-14 01:29:09,3996.46,3996.56,0.100,10.0,1
2026-07-14 01:29:14,3996.60,3996.70,0.100,10.0,1
2026-07-14 01:29:19,3997.03,3997.12,0.090,9.0,1
2026-07-14 01:29:24,3997.06,3997.12,0.060,6.0,1
2026-07-14 01:29:29,3997.16,3997.21,0.050,5.0,1
2026-07-14 01:29:34,3996.82,3996.94,0.120,12.0,1
2026-07-14 01:29:39,3997.47,3997.59,0.120,12.0,1
2026-07-14 01:29:44,3997.22,3997.34,0.120,12.0,1
2026-07-14 01:29:49,3997.94,3998.02,0.080,8.0,1
2026-07-14 01:29:54,3997.73,3997.83,0.100,10.0,1
2026-07-14 01:29:59,3997.84,3997.91,0.070,7.0,1
2026-07-14 01:30:04,3996.86,3996.98,0.120,12.0,1
2026-07-14 01:30:09,3997.69,3997.81,0.120,12.0,1
2026-07-14 01:30:14,3997.92,3998.04,0.120,12.0,1
2026-07-14 01:30:19,3997.95,3998.07,0.120,12.0,1
2026-07-14 01:30:24,3998.56,3998.68,0.120,12.0,1
2026-07-14 01:30:29,3998.36,3998.45,0.090,9.0,1
2026-07-14 01:30:34,3997.46,3997.56,0.100,10.0,1
2026-07-14 01:30:39,3998.31,3998.42,0.110,11.0,1
2026-07-14 01:30:44,3998.03,3998.15,0.120,12.0,1
2026-07-14 01:30:49,3998.43,3998.50,0.070,7.0,1
2026-07-14 01:30:54,3998.89,3998.95,0.060,6.0,1
2026-07-14 01:30:59,3998.92,3999.04,0.120,12.0,1
2026-07-14 01:31:04,3999.36,3999.48,0.120,12.0,1
2026-07-14 01:31:09,3998.95,3999.05,0.100,10.0,1
2026-07-14 01:31:14,3998.97,3999.03,0.060,6.0,1
2026-07-14 01:31:19,3999.16,3999.25,0.090,9.0,1
2026-07-14 01:31:24,3999.65,3999.77,0.120,12.0,1
2026-07-14 01:31:29,4000.35,4000.46,0.110,11.0,1
2026-07-14 01:31:34,4000.25,4000.36,0.110,11.0,1
2026-07-14 01:31:39,4000.07,4000.19,0.120,12.0,1
2026-07-14 01:31:44,3999.90,4000.02,0.120,12.0,1
2026-07-14 01:31:49,4000.42,4000.50,0.080,8.0,1
2026-07-14 01:31:54,4000.06,4000.17,0.110,11.0,1
2026-07-14 01:31:59,4001.38,4001.44,0.060,6.0,1
2026-07-14 01:32:04,4000.79,4000.91,0.120,12.0,1
2026-07-14 01:32:09,4002.27,4002.39,0.120,12.0,1
2026-07-14 01:32:14,4001.69,4001.81,0.120,12.0,1
2026-07-14 01:32:19,4002.39,4002.48,0.090,9.0,1
2026-07-14 01:32:24,4002.66,4002.73,0.070,7.0,1
2026-07-14 01:32:29,4003.34,4003.40,0.060,6.0,1
2026-07-14 01:32:34,4004.08,4004.15,0.070,7.0,1
2026-07-14 01:32:39,4003.00,4003.12,0.120,12.0,1
2026-07-14 01:32:44,4002.20,4002.28,0.080,8.0,1
2026-07-14 01:32:49,4002.46,4002.52,0.060,6.0,1
2026-07-14 01:32:54,4002.28,4002.33,0.050,5.0,1
2026-07-14 01:32:59,4002.19,4002.24,0.050,5.0,1
2026-07-14 01:33:04,4001.72,4001.84,0.120,12.0,1
2026-07-14 01:33:09,4001.23,4001.35,0.120,12.0,1
2026-07-14 01:33:14,4001.45,4001.57,0.120,12.0,1
2026-07-14 01:33:19,4001.04,4001.16,0.120,12.0,1
2026-07-14 01:33:24,4000.76,4000.86,0.100,10.0,1
2026-07-14 01:33:29,4001.70,4001.82,0.120,12.0,1
2026-07-14 01:33:34,4001.67,4001.75,0.080,8.0,1
2026-07-14 01:33:39,4001.80,4001.85,0.050,5.0,1
2026-07-14 01:33:44,4001.17,4001.29,0.120,12.0,1
2026-07-14 01:33:49,4001.00,4001.10,0.100,10.0,1
2026-07-14 01:33:54,4000.72,4000.77,0.050,5.0,1
2026-07-14 01:33:59,4001.13,4001.18,0.050,5.0,1
2026-07-14 01:34:04,4001.15,4001.25,0.100,10.0,1
2026-07-14 01:34:09,4000.95,4001.02,0.070,7.0,1
2026-07-14 01:34:14,4000.32,4000.42,0.100,10.0,1
2026-07-14 01:34:19,4000.61,4000.73,0.120,12.0,1
2026-07-14 01:34:24,4000.59,4000.64,0.050,5.0,1
2026-07-14 01:34:29,4000.69,4000.74,0.050,5.0,1
2026-07-14 01:34:34,4000.42,4000.47,0.050,5.0,1
2026-07-14 01:34:39,3999.89,3999.94,0.050,5.0,1
2026-07-14 01:34:44,4000.07,4000.12,0.050,5.0,1
2026-07-14 01:34:49,4000.05,4000.15,0.100,10.0,1
2026-07-14 01:34:54,3999.82,3999.90,0.080,8.0,1
2026-07-14 01:34:59,3999.10,3999.22,0.120,12.0,1
2026-07-14 01:35:04,3998.50,3998.62,0.120,12.0,1
2026-07-14 01:35:09,3996.82,3996.94,0.120,12.0,1
2026-07-14 01:35:14,3997.27,3997.39,0.120,12.0,1
2026-07-14 01:35:19,3996.30,3996.42,0.120,12.0,1
2026-07-14 01:35:24,3995.65,3995.70,0.050,5.0,1
2026-07-14 01:35:29,3995.62,3995.67,0.050,5.0,1
2026-07-14 01:35:34,3994.53,3994.65,0.120,12.0,1
2026-07-14 01:35:39,3994.63,3994.75,0.120,12.0,1
2026-07-14 01:35:44,3993.88,3994.00,0.120,12.0,1
2026-07-14 01:35:49,3994.28,3994.40,0.120,12.0,1
2026-07-14 01:35:54,3994.85,3994.94,0.090,9.0,1
2026-07-14 01:35:59,3995.35,3995.40,0.050,5.0,1
2026-07-14 01:36:04,3995.28,3995.33,0.050,5.0,1
2026-07-14 01:36:09,3995.73,3995.78,0.050,5.0,1
2026-07-14 01:36:14,3996.42,3996.47,0.050,5.0,1
2026-07-14 01:36:19,3996.06,3996.15,0.090,9.0,1
2026-07-14 01:36:24,3995.55,3995.60,0.050,5.0,1
2026-07-14 01:36:29,3996.10,3996.15,0.050,5.0,1
2026-07-14 01:36:34,3995.92,3996.01,0.090,9.0,1
2026-07-14 01:36:39,3996.53,3996.65,0.120,12.0,1
2026-07-14 01:36:44,3996.83,3996.94,0.110,11.0,1
2026-07-14 01:36:49,3996.89,3996.94,0.050,5.0,1
2026-07-14 01:36:54,3997.26,3997.31,0.050,5.0,1
2026-07-14 01:36:59,3997.42,3997.47,0.050,5.0,1
2026-07-14 01:37:04,3997.48,3997.53,0.050,5.0,1
2026-07-14 01:37:09,3997.48,3997.53,0.050,5.0,1
2026-07-14 01:37:14,3996.88,3997.00,0.120,12.0,1
2026-07-14 01:37:19,3997.27,3997.39,0.120,12.0,1
2026-07-14 01:37:24,3997.52,3997.59,0.070,7.0,1
2026-07-14 01:37:29,3997.20,3997.25,0.050,5.0,1
2026-07-14 01:37:34,3997.56,3997.61,0.050,5.0,1
2026-07-14 01:37:39,3997.35,3997.40,0.050,5.0,1
2026-07-14 01:37:44,3997.12,3997.18,0.060,6.0,1
2026-07-14 01:37:49,3997.37,3997.42,0.050,5.0,1
2026-07-14 01:37:54,3997.45,3997.55,0.100,10.0,1
2026-07-14 01:37:59,3997.46,3997.58,0.120,12.0,1
2026-07-14 01:38:04,3997.25,3997.35,0.100,10.0,1
2026-07-14 01:38:09,3997.50,3997.62,0.120,12.0,1
2026-07-14 01:38:14,3996.94,3997.06,0.120,12.0,1
2026-07-14 01:38:19,3996.66,3996.75,0.090,9.0,1
2026-07-14 01:38:24,3997.19,3997.28,0.090,9.0,1
2026-07-14 01:38:29,3997.19,3997.26,0.070,7.0,1
2026-07-14 01:38:34,3997.00,3997.12,0.120,12.0,1
2026-07-14 01:38:39,3996.93,3997.02,0.090,9.0,1
2026-07-14 01:38:44,3997.10,3997.18,0.080,8.0,1
2026-07-14 01:38:49,3998.04,3998.16,0.120,12.0,1
2026-07-14 01:38:54,3998.20,3998.32,0.120,12.0,1
2026-07-14 01:38:59,3997.80,3997.92,0.120,12.0,1
2026-07-14 01:39:04,3997.85,3997.95,0.100,10.0,1
2026-07-14 01:39:09,3997.99,3998.07,0.080,8.0,1
2026-07-14 01:39:14,3997.19,3997.24,0.050,5.0,1
2026-07-14 01:39:19,3997.18,3997.27,0.090,9.0,1
2026-07-14 01:39:24,3996.81,3996.92,0.110,11.0,1
2026-07-14 01:39:29,3997.62,3997.74,0.120,12.0,1
2026-07-14 01:39:34,3997.50,3997.61,0.110,11.0,1
2026-07-14 01:39:39,3997.38,3997.50,0.120,12.0,1
2026-07-14 01:39:44,3997.16,3997.24,0.080,8.0,1
2026-07-14 01:39:49,3996.90,3996.95,0.050,5.0,1
2026-07-14 01:39:54,3997.44,3997.56,0.120,12.0,1
2026-07-14 01:39:59,3997.64,3997.74,0.100,10.0,1
2026-07-14 01:40:04,3997.55,3997.67,0.120,12.0,1
2026-07-14 01:40:09,3996.11,3996.23,0.120,12.0,1
2026-07-14 01:40:14,3996.61,3996.73,0.120,12.0,1
2026-07-14 01:40:19,3996.63,3996.75,0.120,12.0,1
2026-07-14 01:40:24,3995.67,3995.77,0.100,10.0,1
2026-07-14 01:40:29,3995.41,3995.51,0.100,10.0,1
2026-07-14 01:40:34,3995.55,3995.65,0.100,10.0,1
2026-07-14 01:40:39,3996.32,3996.41,0.090,9.0,1
2026-07-14 01:40:44,3996.19,3996.28,0.090,9.0,1
2026-07-14 01:40:49,3995.93,3996.00,0.070,7.0,1
2026-07-14 01:40:54,3995.26,3995.33,0.070,7.0,1
2026-07-14 01:40:59,3995.51,3995.59,0.080,8.0,1
2026-07-14 01:41:04,3996.46,3996.58,0.120,12.0,1
2026-07-14 01:41:09,3997.85,3997.97,0.120,12.0,1
2026-07-14 01:41:14,3998.65,3998.75,0.100,10.0,1
2026-07-14 01:41:19,3999.15,3999.22,0.070,7.0,1
2026-07-14 01:41:24,3998.89,3998.99,0.100,10.0,1
2026-07-14 01:41:29,3999.01,3999.13,0.120,12.0,1
2026-07-14 01:41:34,3999.31,3999.41,0.100,10.0,1
2026-07-14 01:41:39,3999.48,3999.60,0.120,12.0,1
2026-07-14 01:41:44,4000.34,4000.45,0.110,11.0,1
2026-07-14 01:41:49,4000.28,4000.38,0.100,10.0,1
2026-07-14 01:41:54,4000.14,4000.21,0.070,7.0,1
2026-07-14 01:41:59,4000.32,4000.41,0.090,9.0,1
2026-07-14 01:42:04,4000.49,4000.54,0.050,5.0,1
2026-07-14 01:42:09,4000.23,4000.31,0.080,8.0,1
2026-07-14 01:42:14,3999.79,3999.85,0.060,6.0,1
2026-07-14 01:42:19,3999.52,3999.57,0.050,5.0,1
2026-07-14 01:42:24,3999.27,3999.34,0.070,7.0,1
2026-07-14 01:42:29,3999.06,3999.12,0.060,6.0,1
2026-07-14 01:42:34,3999.24,3999.29,0.050,5.0,1
2026-07-14 01:42:39,3999.21,3999.26,0.050,5.0,1
2026-07-14 01:42:44,3999.20,3999.32,0.120,12.0,1
2026-07-14 01:42:49,3999.55,3999.67,0.120,12.0,1
2026-07-14 01:42:54,3999.81,3999.93,0.120,12.0,1
2026-07-14 01:42:59,4000.26,4000.37,0.110,11.0,1
2026-07-14 01:43:04,4001.03,4001.12,0.090,9.0,1
2026-07-14 01:43:09,4001.19,4001.26,0.070,7.0,1
2026-07-14 01:43:14,4001.88,4002.00,0.120,12.0,1
2026-07-14 01:43:19,4001.87,4001.99,0.120,12.0,1
2026-07-14 01:43:24,4001.51,4001.60,0.090,9.0,1
2026-07-14 01:43:29,4001.49,4001.54,0.050,5.0,1
2026-07-14 01:43:34,4000.21,4000.33,0.120,12.0,1
2026-07-14 01:43:39,4001.14,4001.26,0.120,12.0,1
2026-07-14 01:43:44,4001.49,4001.58,0.090,9.0,1
2026-07-14 01:43:49,4001.46,4001.51,0.050,5.0,1
2026-07-14 01:43:54,4001.37,4001.42,0.050,5.0,1
2026-07-14 01:43:59,4001.19,4001.24,0.050,5.0,1
2026-07-14 01:44:04,4001.35,4001.40,0.050,5.0,1
2026-07-14 01:44:09,4001.25,4001.30,0.050,5.0,1
2026-07-14 01:44:14,4001.30,4001.35,0.050,5.0,1
2026-07-14 01:44:19,4001.57,4001.67,0.100,10.0,1
2026-07-14 01:44:24,4001.45,4001.57,0.120,12.0,1
2026-07-14 01:44:29,4002.16,4002.26,0.100,10.0,1
2026-07-14 01:44:34,4002.18,4002.24,0.060,6.0,1
2026-07-14 01:44:39,4001.44,4001.51,0.070,7.0,1
2026-07-14 01:44:44,4001.41,4001.48,0.070,7.0,1
2026-07-14 01:44:49,4001.43,4001.49,0.060,6.0,1
2026-07-14 01:44:54,4001.85,4001.90,0.050,5.0,1
2026-07-14 01:44:59,4002.15,4002.23,0.080,8.0,1
2026-07-14 01:45:04,4002.68,4002.80,0.120,12.0,1
2026-07-14 01:45:09,4003.28,4003.38,0.100,10.0,1
2026-07-14 01:45:14,4003.00,4003.12,0.120,12.0,1
2026-07-14 01:45:19,4002.95,4003.05,0.100,10.0,1
2026-07-14 01:45:24,4002.92,4002.97,0.050,5.0,1
2026-07-14 01:45:29,4002.57,4002.68,0.110,11.0,1
2026-07-14 01:45:34,4002.59,4002.67,0.080,8.0,1
2026-07-14 01:45:39,4001.62,4001.74,0.120,12.0,1
2026-07-14 01:45:44,4001.84,4001.96,0.120,12.0,1
2026-07-14 01:45:49,4001.59,4001.71,0.120,12.0,1
2026-07-14 01:45:54,4000.92,4001.04,0.120,12.0,1
2026-07-14 01:45:59,4000.26,4000.38,0.120,12.0,1
2026-07-14 01:46:04,4000.53,4000.65,0.120,12.0,1
2026-07-14 01:46:09,4000.58,4000.67,0.090,9.0,1
2026-07-14 01:46:14,4000.29,4000.40,0.110,11.0,1
2026-07-14 01:46:19,4000.09,4000.15,0.060,6.0,1
2026-07-14 01:46:24,4000.06,4000.12,0.060,6.0,1
2026-07-14 01:46:29,3999.92,3999.97,0.050,5.0,1
2026-07-14 01:46:34,3999.83,3999.88,0.050,5.0,1
2026-07-14 01:46:39,3999.70,3999.75,0.050,5.0,1
2026-07-14 01:46:44,3999.03,3999.15,0.120,12.0,1
2026-07-14 01:46:49,3999.07,3999.19,0.120,12.0,1
2026-07-14 01:46:54,3999.45,3999.57,0.120,12.0,1
2026-07-14 01:46:59,4000.20,4000.32,0.120,12.0,1
2026-07-14 01:47:04,3999.80,3999.92,0.120,12.0,1
2026-07-14 01:47:09,3999.36,3999.48,0.120,12.0,1
2026-07-14 01:47:14,4000.01,4000.13,0.120,12.0,1
2026-07-14 01:47:19,3999.81,3999.93,0.120,12.0,1
2026-07-14 01:47:24,3999.85,3999.95,0.100,10.0,1
2026-07-14 01:47:29,3999.74,3999.80,0.060,6.0,1
2026-07-14 01:47:34,3999.54,3999.59,0.050,5.0,1
2026-07-14 01:47:39,3999.96,4000.01,0.050,5.0,1
2026-07-14 01:47:44,3999.90,3999.95,0.050,5.0,1
2026-07-14 01:47:49,4000.16,4000.21,0.050,5.0,1
2026-07-14 01:47:54,4000.70,4000.82,0.120,12.0,1
2026-07-14 01:47:59,4001.16,4001.26,0.100,10.0,1
2026-07-14 01:48:04,4000.77,4000.89,0.120,12.0,1
2026-07-14 01:48:09,4001.40,4001.52,0.120,12.0,1
2026-07-14 01:48:14,4001.26,4001.37,0.110,11.0,1
2026-07-14 01:48:19,4001.60,4001.65,0.050,5.0,1
2026-07-14 01:48:24,4002.09,4002.14,0.050,5.0,1
2026-07-14 01:48:29,4001.52,4001.64,0.120,12.0,1
2026-07-14 01:48:34,4001.18,4001.26,0.080,8.0,1
2026-07-14 01:48:39,4000.98,4001.03,0.050,5.0,1
2026-07-14 01:48:44,4000.98,4001.10,0.120,12.0,1
2026-07-14 01:48:49,4001.26,4001.38,0.120,12.0,1
2026-07-14 01:48:54,4001.58,4001.63,0.050,5.0,1
2026-07-14 01:48:59,4001.65,4001.77,0.120,12.0,1
2026-07-14 01:49:04,4001.27,4001.39,0.120,12.0,1
2026-07-14 01:49:09,4001.06,4001.18,0.120,12.0,1
2026-07-14 01:49:14,4001.34,4001.46,0.120,12.0,1
2026-07-14 01:49:19,4000.87,4000.99,0.120,12.0,1
2026-07-14 01:49:24,4001.13,4001.25,0.120,12.0,1
2026-07-14 01:49:29,4000.94,4000.99,0.050,5.0,1
2026-07-14 01:49:34,4001.20,4001.25,0.050,5.0,1
2026-07-14 01:49:39,4001.89,4002.01,0.120,12.0,1
2026-07-14 01:49:44,4002.06,4002.11,0.050,5.0,1
2026-07-14 01:49:49,4002.35,4002.47,0.120,12.0,1
2026-07-14 01:49:54,4002.41,4002.47,0.060,6.0,1
2026-07-14 01:49:59,4002.56,4002.68,0.120,12.0,1
2026-07-14 01:50:04,4002.53,4002.65,0.120,12.0,1
2026-07-14 01:50:09,4002.94,4003.06,0.120,12.0,1
2026-07-14 01:50:14,4002.51,4002.63,0.120,12.0,1
2026-07-14 01:50:19,4002.38,4002.46,0.080,8.0,1
2026-07-14 01:50:24,4002.48,4002.53,0.050,5.0,1
2026-07-14 01:50:29,4002.13,4002.25,0.120,12.0,1
2026-07-14 01:50:34,4002.14,4002.19,0.050,5.0,1
2026-07-14 01:50:39,4001.68,4001.77,0.090,9.0,1
2026-07-14 01:50:44,4001.47,4001.52,0.050,5.0,1
2026-07-14 01:50:49,4001.09,4001.14,0.050,5.0,1
2026-07-14 01:50:54,4001.05,4001.10,0.050,5.0,1
2026-07-14 01:50:59,4001.05,4001.10,0.050,5.0,1
2026-07-14 01:51:04,4000.16,4000.28,0.120,12.0,1
2026-07-14 01:51:09,4001.16,4001.28,0.120,12.0,1
2026-07-14 01:51:14,4001.12,4001.23,0.110,11.0,1
2026-07-14 01:51:19,4001.12,4001.17,0.050,5.0,1
2026-07-14 01:51:24,4001.50,4001.55,0.050,5.0,1
2026-07-14 01:51:29,4001.46,4001.51,0.050,5.0,1
2026-07-14 01:51:34,4002.68,4002.80,0.120,12.0,1
2026-07-14 01:51:39,4002.62,4002.74,0.120,12.0,1
2026-07-14 01:51:44,4002.48,4002.55,0.070,7.0,1
2026-07-14 01:51:49,4002.32,4002.37,0.050,5.0,1
2026-07-14 01:51:54,4002.97,4003.07,0.100,10.0,1
2026-07-14 01:51:59,4003.23,4003.28,0.050,5.0,1
2026-07-14 01:52:04,4003.68,4003.73,0.050,5.0,1
2026-07-14 01:52:09,4003.76,4003.88,0.120,12.0,1
2026-07-14 01:52:14,4004.52,4004.64,0.120,12.0,1
2026-07-14 01:52:19,4004.76,4004.87,0.110,11.0,1
2026-07-14 01:52:24,4004.95,4005.07,0.120,12.0,1
2026-07-14 01:52:29,4005.00,4005.11,0.110,11.0,1
2026-07-14 01:52:34,4005.02,4005.14,0.120,12.0,1
2026-07-14 01:52:39,4004.30,4004.42,0.120,12.0,1
2026-07-14 01:52:44,4003.92,4004.04,0.120,12.0,1
2026-07-14 01:52:49,4003.40,4003.52,0.120,12.0,1
2026-07-14 01:52:54,4004.33,4004.45,0.120,12.0,1
2026-07-14 01:52:59,4004.12,4004.24,0.120,12.0,1
2026-07-14 01:53:04,4004.03,4004.15,0.120,12.0,1
2026-07-14 01:53:09,4003.92,4004.04,0.120,12.0,1
2026-07-14 01:53:14,4003.90,4003.97,0.070,7.0,1
2026-07-14 01:53:19,4003.66,4003.71,0.050,5.0,1
2026-07-14 01:53:24,4003.49,4003.61,0.120,12.0,1
2026-07-14 01:53:29,4003.45,4003.51,0.060,6.0,1
2026-07-14 01:53:34,4003.18,4003.25,0.070,7.0,1
2026-07-14 01:53:39,4003.10,4003.18,0.080,8.0,1
2026-07-14 01:53:44,4002.92,4002.98,0.060,6.0,1
2026-07-14 01:53:49,4003.23,4003.33,0.100,10.0,1
2026-07-14 01:53:54,4003.45,4003.50,0.050,5.0,1
2026-07-14 01:53:59,4003.79,4003.86,0.070,7.0,1
2026-07-14 01:54:04,4003.73,4003.78,0.050,5.0,1
2026-07-14 01:54:09,4003.90,4003.98,0.080,8.0,1
2026-07-14 01:54:14,4004.23,4004.29,0.060,6.0,1
2026-07-14 01:54:19,4004.51,4004.56,0.050,5.0,1
2026-07-14 01:54:24,4004.40,4004.46,0.060,6.0,1
2026-07-14 01:54:29,4004.16,4004.28,0.120,12.0,1
2026-07-14 01:54:34,4003.51,4003.62,0.110,11.0,1
2026-07-14 01:54:39,4003.77,4003.89,0.120,12.0,1
2026-07-14 01:54:44,4003.95,4004.05,0.100,10.0,1
2026-07-14 01:54:49,4004.11,4004.16,0.050,5.0,1
2026-07-14 01:54:54,4004.63,4004.72,0.090,9.0,1
2026-07-14 01:54:59,4003.94,4004.02,0.080,8.0,1
2026-07-14 01:55:04,4004.26,4004.38,0.120,12.0,1
2026-07-14 01:55:09,4003.11,4003.23,0.120,12.0,1
2026-07-14 01:55:14,4002.58,4002.70,0.120,12.0,1
2026-07-14 01:55:19,4003.01,4003.12,0.110,11.0,1
2026-07-14 01:55:24,4002.57,4002.65,0.080,8.0,1
2026-07-14 01:55:29,4002.58,4002.66,0.080,8.0,1
2026-07-14 01:55:34,4003.21,4003.26,0.050,5.0,1
2026-07-14 01:55:39,4002.94,4002.99,0.050,5.0,1
2026-07-14 01:55:44,4002.72,4002.81,0.090,9.0,1
2026-07-14 01:55:49,4002.69,4002.78,0.090,9.0,1
2026-07-14 01:55:54,4002.72,4002.77,0.050,5.0,1
2026-07-14 01:55:59,4003.31,4003.43,0.120,12.0,1
2026-07-14 01:56:04,4003.22,4003.28,0.060,6.0,1
2026-07-14 01:56:09,4003.14,4003.21,0.070,7.0,1
2026-07-14 01:56:14,4002.65,4002.77,0.120,12.0,1
2026-07-14 01:56:19,4002.99,4003.08,0.090,9.0,1
2026-07-14 01:56:24,4002.92,4003.04,0.120,12.0,1
2026-07-14 01:56:29,4002.88,4002.93,0.050,5.0,1
2026-07-14 01:56:34,4003.09,4003.17,0.080,8.0,1
2026-07-14 01:56:39,4003.11,4003.16,0.050,5.0,1
2026-07-14 01:56:44,4002.65,4002.77,0.120,12.0,1
2026-07-14 01:56:49,4002.64,4002.75,0.110,11.0,1
2026-07-14 01:56:54,4002.24,4002.29,0.050,5.0,1
2026-07-14 01:56:59,4002.78,4002.87,0.090,9.0,1
2026-07-14 01:57:04,4002.51,4002.56,0.050,5.0,1
2026-07-14 01:57:09,4002.62,4002.71,0.090,9.0,1
2026-07-14 01:57:14,4002.60,4002.72,0.120,12.0,1
2026-07-14 01:57:19,4003.18,4003.30,0.120,12.0,1
2026-07-14 01:57:24,4004.32,4004.44,0.120,12.0,1
2026-07-14 01:57:29,4004.18,4004.30,0.120,12.0,1
2026-07-14 01:57:34,4004.47,4004.52,0.050,5.0,1
2026-07-14 01:57:39,4004.51,4004.56,0.050,5.0,1
2026-07-14 01:57:44,4004.88,4005.00,0.120,12.0,1
2026-07-14 01:57:49,4006.34,4006.46,0.120,12.0,1
2026-07-14 01:57:54,4006.50,4006.62,0.120,12.0,1
2026-07-14 01:57:59,4007.34,4007.46,0.120,12.0,1
2026-07-14 01:58:04,4006.70,4006.82,0.120,12.0,1
2026-07-14 01:58:09,4007.44,4007.56,0.120,12.0,1
2026-07-14 01:58:14,4007.48,4007.55,0.070,7.0,1
2026-07-14 01:58:19,4009.91,4010.03,0.120,12.0,1
2026-07-14 01:58:24,4009.55,4009.67,0.120,12.0,1
2026-07-14 01:58:29,4009.67,4009.76,0.090,9.0,1
2026-07-14 01:58:34,4009.57,4009.65,0.080,8.0,1
2026-07-14 01:58:39,4009.96,4010.04,0.080,8.0,1
2026-07-14 01:58:44,4010.00,4010.05,0.050,5.0,1
2026-07-14 01:58:49,4011.55,4011.67,0.120,12.0,1
2026-07-14 01:58:54,4011.55,4011.66,0.110,11.0,1
2026-07-14 01:58:59,4011.33,4011.45,0.120,12.0,1
2026-07-14 01:59:04,4011.48,4011.60,0.120,12.0,1
2026-07-14 01:59:09,4011.15,4011.27,0.120,12.0,1
2026-07-14 01:59:14,4011.37,4011.46,0.090,9.0,1
2026-07-14 01:59:19,4011.81,4011.89,0.080,8.0,1
2026-07-14 01:59:24,4011.50,4011.62,0.120,12.0,1
2026-07-14 01:59:29,4011.15,4011.27,0.120,12.0,1
2026-07-14 01:59:34,4010.79,4010.91,0.120,12.0,1
2026-07-14 01:59:39,4010.49,4010.59,0.100,10.0,1
2026-07-14 01:59:44,4010.54,4010.59,0.050,5.0,1
2026-07-14 01:59:49,4010.55,4010.60,0.050,5.0,1
2026-07-14 01:59:54,4010.37,4010.42,0.050,5.0,1
2026-07-14 01:59:59,4010.36,4010.41,0.050,5.0,1
2026-07-14 02:00:04,4010.00,4010.12,0.120,12.0,1
2026-07-14 02:00:09,4009.97,4010.09,0.120,12.0,1
2026-07-14 02:00:14,4009.51,4009.62,0.110,11.0,1
2026-07-14 02:00:19,4008.98,4009.10,0.120,12.0,1
2026-07-14 02:00:24,4008.99,4009.11,0.120,12.0,1
2026-07-14 02:00:29,4008.79,4008.91,0.120,12.0,1
2026-07-14 02:00:34,4008.60,4008.72,0.120,12.0,1
2026-07-14 02:00:39,4008.10,4008.18,0.080,8.0,1
2026-07-14 02:00:44,4008.45,4008.57,0.120,12.0,1
2026-07-14 02:00:49,4008.85,4008.97,0.120,12.0,1
2026-07-14 02:00:54,4008.50,4008.57,0.070,7.0,1
2026-07-14 02:00:59,4008.35,4008.40,0.050,5.0,1
2026-07-14 02:01:04,4008.25,4008.33,0.080,8.0,1
2026-07-14 02:01:09,4008.38,4008.43,0.050,5.0,1
2026-07-14 02:01:14,4008.51,4008.56,0.050,5.0,1
2026-07-14 02:01:19,4008.21,4008.26,0.050,5.0,1
2026-07-14 02:01:24,4007.76,4007.86,0.100,10.0,1
2026-07-14 02:01:29,4007.73,4007.78,0.050,5.0,1
2026-07-14 02:01:34,4007.90,4008.02,0.120,12.0,1
2026-07-14 02:01:39,4008.38,4008.50,0.120,12.0,1
2026-07-14 02:01:44,4008.32,4008.44,0.120,12.0,1
2026-07-14 02:01:49,4008.62,4008.67,0.050,5.0,1
2026-07-14 02:01:54,4008.65,4008.71,0.060,6.0,1
2026-07-14 02:01:59,4007.64,4007.76,0.120,12.0,1
2026-07-14 02:02:04,4006.54,4006.63,0.090,9.0,1
2026-07-14 02:02:09,4006.64,4006.76,0.120,12.0,1
2026-07-14 02:02:14,4006.16,4006.28,0.120,12.0,1
2026-07-14 02:02:19,4006.68,4006.80,0.120,12.0,1
2026-07-14 02:02:24,4006.59,4006.71,0.120,12.0,1
2026-07-14 02:02:29,4006.49,4006.61,0.120,12.0,1
2026-07-14 02:02:34,4008.08,4008.20,0.120,12.0,1
2026-07-14 02:02:39,4008.01,4008.13,0.120,12.0,1
2026-07-14 02:02:44,4008.00,4008.07,0.070,7.0,1
2026-07-14 02:02:49,4008.07,4008.12,0.050,5.0,1
2026-07-14 02:02:54,4008.09,4008.14,0.050,5.0,1
2026-07-14 02:02:59,4008.14,4008.19,0.050,5.0,1
2026-07-14 02:03:04,4008.58,4008.63,0.050,5.0,1
2026-07-14 02:03:09,4008.73,4008.78,0.050,5.0,1
2026-07-14 02:03:14,4009.48,4009.60,0.120,12.0,1
2026-07-14 02:03:19,4009.38,4009.46,0.080,8.0,1
2026-07-14 02:03:24,4009.47,4009.52,0.050,5.0,1
2026-07-14 02:03:29,4009.52,4009.59,0.070,7.0,1
2026-07-14 02:03:34,4009.33,4009.38,0.050,5.0,1
2026-07-14 02:03:39,4009.17,4009.22,0.050,5.0,1
2026-07-14 02:03:44,4008.95,4009.00,0.050,5.0,1
2026-07-14 02:03:49,4009.03,4009.08,0.050,5.0,1
2026-07-14 02:03:54,4008.82,4008.89,0.070,7.0,1
2026-07-14 02:03:59,4008.70,4008.80,0.100,10.0,1
2026-07-14 02:04:04,4008.90,4009.02,0.120,12.0,1
2026-07-14 02:04:09,4008.83,4008.95,0.120,12.0,1
2026-07-14 02:04:14,4008.92,4009.04,0.120,12.0,1
2026-07-14 02:04:19,4008.59,4008.71,0.120,12.0,1
2026-07-14 02:04:24,4008.79,4008.88,0.090,9.0,1
2026-07-14 02:04:29,4009.05,4009.12,0.070,7.0,1
2026-07-14 02:04:34,4009.13,4009.18,0.050,5.0,1
2026-07-14 02:04:39,4009.07,4009.15,0.080,8.0,1
2026-07-14 02:04:44,4009.34,4009.40,0.060,6.0,1
2026-07-14 02:04:49,4009.32,4009.39,0.070,7.0,1
2026-07-14 02:04:54,4009.23,4009.33,0.100,10.0,1
2026-07-14 02:04:59,4009.33,4009.45,0.120,12.0,1
2026-07-14 02:05:04,4009.72,4009.81,0.090,9.0,1
2026-07-14 02:05:09,4009.53,4009.64,0.110,11.0,1
2026-07-14 02:05:14,4010.02,4010.13,0.110,11.0,1
2026-07-14 02:05:19,4010.03,4010.11,0.080,8.0,1
2026-07-14 02:05:24,4010.11,4010.23,0.120,12.0,1
2026-07-14 02:05:29,4009.67,4009.79,0.120,12.0,1
2026-07-14 02:05:34,4009.81,4009.93,0.120,12.0,1
2026-07-14 02:05:39,4009.96,4010.02,0.060,6.0,1
2026-07-14 02:05:44,4010.09,4010.17,0.080,8.0,1
2026-07-14 02:05:49,4010.09,4010.14,0.050,5.0,1
2026-07-14 02:05:54,4010.59,4010.66,0.070,7.0,1
2026-07-14 02:05:59,4010.05,4010.10,0.050,5.0,1
2026-07-14 02:06:04,4009.69,4009.81,0.120,12.0,1
2026-07-14 02:06:09,4010.04,4010.16,0.120,12.0,1
2026-07-14 02:06:14,4010.03,4010.15,0.120,12.0,1
2026-07-14 02:06:19,4009.95,4010.00,0.050,5.0,1
2026-07-14 02:06:24,4010.01,4010.06,0.050,5.0,1
2026-07-14 02:06:29,4010.02,4010.07,0.050,5.0,1
2026-07-14 02:06:34,4010.25,4010.37,0.120,12.0,1
2026-07-14 02:06:39,4010.24,4010.30,0.060,6.0,1
2026-07-14 02:06:44,4010.70,4010.82,0.120,12.0,1
2026-07-14 02:06:49,4009.48,4009.60,0.120,12.0,1
2026-07-14 02:06:54,4008.70,4008.82,0.120,12.0,1
2026-07-14 02:06:59,4008.49,4008.60,0.110,11.0,1
2026-07-14 02:07:04,4008.52,4008.58,0.060,6.0,1
2026-07-14 02:07:09,4008.74,4008.80,0.060,6.0,1
2026-07-14 02:07:14,4009.12,4009.17,0.050,5.0,1
2026-07-14 02:07:19,4009.25,4009.30,0.050,5.0,1
2026-07-14 02:07:24,4008.56,4008.68,0.120,12.0,1
2026-07-14 02:07:29,4009.37,4009.49,0.120,12.0,1
2026-07-14 02:07:34,4009.15,4009.25,0.100,10.0,1
2026-07-14 02:07:39,4008.83,4008.89,0.060,6.0,1
2026-07-14 02:07:44,4009.02,4009.07,0.050,5.0,1
2026-07-14 02:07:49,4009.32,4009.37,0.050,5.0,1
2026-07-14 02:07:54,4009.44,4009.49,0.050,5.0,1
2026-07-14 02:07:59,4009.45,4009.50,0.050,5.0,1
2026-07-14 02:08:04,4009.61,4009.73,0.120,12.0,1
2026-07-14 02:08:09,4009.99,4010.11,0.120,12.0,1
2026-07-14 02:08:14,4010.22,4010.30,0.080,8.0,1
2026-07-14 02:08:19,4010.44,4010.50,0.060,6.0,1
2026-07-14 02:08:24,4010.65,4010.77,0.120,12.0,1
2026-07-14 02:08:29,4010.70,4010.75,0.050,5.0,1
2026-07-14 02:08:34,4011.01,4011.06,0.050,5.0,1
2026-07-14 02:08:39,4010.93,4010.98,0.050,5.0,1
2026-07-14 02:08:44,4010.79,4010.87,0.080,8.0,1
2026-07-14 02:08:49,4010.85,4010.90,0.050,5.0,1
2026-07-14 02:08:54,4010.82,4010.87,0.050,5.0,1
2026-07-14 02:08:59,4010.83,4010.88,0.050,5.0,1
2026-07-14 02:09:04,4010.55,4010.67,0.120,12.0,1
2026-07-14 02:09:09,4010.67,4010.77,0.100,10.0,1
2026-07-14 02:09:14,4012.42,4012.54,0.120,12.0,1
2026-07-14 02:09:19,4013.04,4013.16,0.120,12.0,1
2026-07-14 02:09:24,4011.32,4011.44,0.120,12.0,1
2026-07-14 02:09:29,4011.76,4011.88,0.120,12.0,1
2026-07-14 02:09:34,4011.21,4011.33,0.120,12.0,1
2026-07-14 02:09:39,4011.19,4011.28,0.090,9.0,1
2026-07-14 02:09:44,4011.20,4011.27,0.070,7.0,1
2026-07-14 02:09:49,4011.94,4012.05,0.110,11.0,1
2026-07-14 02:09:54,4011.85,4011.94,0.090,9.0,1
2026-07-14 02:09:59,4011.94,4012.03,0.090,9.0,1
2026-07-14 02:10:04,4012.10,4012.22,0.120,12.0,1
2026-07-14 02:10:09,4012.62,4012.74,0.120,12.0,1
2026-07-14 02:10:14,4013.16,4013.28,0.120,12.0,1
2026-07-14 02:10:19,4013.36,4013.48,0.120,12.0,1
2026-07-14 02:10:24,4013.57,4013.66,0.090,9.0,1
2026-07-14 02:10:29,4013.50,4013.58,0.080,8.0,1
2026-07-14 02:10:34,4013.40,4013.48,0.080,8.0,1
2026-07-14 02:10:39,4013.34,4013.42,0.080,8.0,1
2026-07-14 02:10:44,4013.13,4013.23,0.100,10.0,1
2026-07-14 02:10:49,4013.39,4013.51,0.120,12.0,1
2026-07-14 02:10:54,4013.08,4013.18,0.100,10.0,1
2026-07-14 02:10:59,4013.15,4013.24,0.090,9.0,1
2026-07-14 02:11:04,4013.72,4013.79,0.070,7.0,1
2026-07-14 02:11:09,4013.38,4013.45,0.070,7.0,1
2026-07-14 02:11:14,4013.46,4013.52,0.060,6.0,1
2026-07-14 02:11:19,4013.95,4014.03,0.080,8.0,1
2026-07-14 02:11:24,4013.91,4014.01,0.100,10.0,1
2026-07-14 02:11:29,4013.96,4014.06,0.100,10.0,1
2026-07-14 02:11:34,4014.22,4014.29,0.070,7.0,1
2026-07-14 02:11:39,4015.41,4015.52,0.110,11.0,1
2026-07-14 02:11:44,4014.87,4014.99,0.120,12.0,1
2026-07-14 02:11:49,4014.85,4014.97,0.120,12.0,1
2026-07-14 02:11:54,4014.16,4014.28,0.120,12.0,1
2026-07-14 02:11:59,4013.02,4013.14,0.120,12.0,1
2026-07-14 02:12:04,4012.72,4012.82,0.100,10.0,1
2026-07-14 02:12:09,4011.76,4011.86,0.100,10.0,1
2026-07-14 02:12:14,4011.38,4011.46,0.080,8.0,1
2026-07-14 02:12:19,4012.17,4012.27,0.100,10.0,1
2026-07-14 02:12:24,4012.32,4012.39,0.070,7.0,1
2026-07-14 02:12:29,4012.48,4012.54,0.060,6.0,1
2026-07-14 02:12:34,4013.77,4013.89,0.120,12.0,1
2026-07-14 02:12:39,4013.26,4013.37,0.110,11.0,1
2026-07-14 02:12:44,4013.28,4013.38,0.100,10.0,1
2026-07-14 02:12:49,4013.38,4013.45,0.070,7.0,1
2026-07-14 02:12:54,4013.45,4013.50,0.050,5.0,1
2026-07-14 02:12:59,4013.04,4013.09,0.050,5.0,1
2026-07-14 02:13:04,4014.10,4014.18,0.080,8.0,1
2026-07-14 02:13:09,4014.63,4014.74,0.110,11.0,1
2026-07-14 02:13:14,4014.65,4014.76,0.110,11.0,1
2026-07-14 02:13:19,4014.38,4014.45,0.070,7.0,1
2026-07-14 02:13:24,4014.27,4014.32,0.050,5.0,1
2026-07-14 02:13:29,4014.30,4014.35,0.050,5.0,1
2026-07-14 02:13:34,4014.50,4014.58,0.080,8.0,1
2026-07-14 02:13:39,4014.24,4014.34,0.100,10.0,1
2026-07-14 02:13:44,4014.46,4014.56,0.100,10.0,1
2026-07-14 02:13:49,4015.07,4015.16,0.090,9.0,1
2026-07-14 02:13:54,4014.90,4014.96,0.060,6.0,1
2026-07-14 02:13:59,4014.93,4014.99,0.060,6.0,1
2026-07-14 02:14:04,4015.27,4015.33,0.060,6.0,1
2026-07-14 02:14:09,4014.90,4015.02,0.120,12.0,1
2026-07-14 02:14:14,4014.42,4014.53,0.110,11.0,1
2026-07-14 02:14:19,4014.63,4014.75,0.120,12.0,1
2026-07-14 02:14:24,4014.51,4014.63,0.120,12.0,1
2026-07-14 02:14:29,4014.66,4014.78,0.120,12.0,1
2026-07-14 02:14:34,4015.19,4015.26,0.070,7.0,1
2026-07-14 02:14:39,4016.41,4016.53,0.120,12.0,1
2026-07-14 02:14:44,4016.77,4016.89,0.120,12.0,1
2026-07-14 02:14:49,4017.46,4017.58,0.120,12.0,1
2026-07-14 02:14:54,4016.97,4017.09,0.120,12.0,1
2026-07-14 02:14:59,4016.76,4016.82,0.060,6.0,1
2026-07-14 02:15:04,4015.44,4015.56,0.120,12.0,1
2026-07-14 02:15:09,4015.90,4016.02,0.120,12.0,1
2026-07-14 02:15:14,4016.51,4016.63,0.120,12.0,1
2026-07-14 02:15:19,4016.71,4016.77,0.060,6.0,1
2026-07-14 02:15:24,4016.73,4016.79,0.060,6.0,1
2026-07-14 02:15:29,4016.56,4016.68,0.120,12.0,1
2026-07-14 02:15:34,4017.17,4017.23,0.060,6.0,1
2026-07-14 02:15:39,4017.05,4017.10,0.050,5.0,1
2026-07-14 02:15:44,4017.34,4017.42,0.080,8.0,1
2026-07-14 02:15:49,4017.57,4017.63,0.060,6.0,1
2026-07-14 02:15:54,4018.08,4018.16,0.080,8.0,1
2026-07-14 02:15:59,4018.32,4018.42,0.100,10.0,1
2026-07-14 02:16:04,4018.85,4018.92,0.070,7.0,1
2026-07-14 02:16:09,4018.59,4018.64,0.050,5.0,1
2026-07-14 02:16:14,4018.76,4018.82,0.060,6.0,1
2026-07-14 02:16:19,4018.38,4018.43,0.050,5.0,1
2026-07-14 02:16:24,4018.18,4018.23,0.050,5.0,1
2026-07-14 02:16:29,4017.75,4017.80,0.050,5.0,1
2026-07-14 02:16:34,4017.96,4018.07,0.110,11.0,1
2026-07-14 02:16:39,4018.15,4018.22,0.070,7.0,1
2026-07-14 02:16:44,4018.21,4018.28,0.070,7.0,1
2026-07-14 02:16:49,4018.20,4018.27,0.070,7.0,1
2026-07-14 02:16:54,4017.75,4017.86,0.110,11.0,1
2026-07-14 02:16:59,4017.79,4017.88,0.090,9.0,1
2026-07-14 02:17:04,4017.50,4017.61,0.110,11.0,1
2026-07-14 02:17:09,4017.44,4017.53,0.090,9.0,1
2026-07-14 02:17:14,4016.83,4016.92,0.090,9.0,1
2026-07-14 02:17:19,4016.74,4016.82,0.080,8.0,1
2026-07-14 02:17:24,4016.36,4016.45,0.090,9.0,1
2026-07-14 02:17:29,4016.66,4016.75,0.090,9.0,1
2026-07-14 02:17:34,4016.47,4016.55,0.080,8.0,1
2026-07-14 02:17:39,4016.02,4016.09,0.070,7.0,1
2026-07-14 02:17:44,4015.96,4016.08,0.120,12.0,1
2026-07-14 02:17:49,4016.01,4016.12,0.110,11.0,1
2026-07-14 02:17:54,4015.78,4015.87,0.090,9.0,1
2026-07-14 02:17:59,4016.20,4016.32,0.120,12.0,1
2026-07-14 02:18:04,4015.53,4015.65,0.120,12.0,1
2026-07-14 02:18:09,4015.77,4015.88,0.110,11.0,1
2026-07-14 02:18:14,4016.36,4016.46,0.100,10.0,1
2026-07-14 02:18:19,4016.79,4016.88,0.090,9.0,1
2026-07-14 02:18:24,4016.86,4016.94,0.080,8.0,1
2026-07-14 02:18:29,4016.46,4016.58,0.120,12.0,1
2026-07-14 02:18:34,4016.16,4016.27,0.110,11.0,1
2026-07-14 02:18:39,4016.07,4016.15,0.080,8.0,1
2026-07-14 02:18:44,4016.51,4016.62,0.110,11.0,1
2026-07-14 02:18:49,4016.41,4016.53,0.120,12.0,1
2026-07-14 02:18:54,4016.22,4016.34,0.120,12.0,1
2026-07-14 02:18:59,4015.97,4016.06,0.090,9.0,1
2026-07-14 02:19:04,4015.43,4015.48,0.050,5.0,1
2026-07-14 02:19:09,4016.72,4016.84,0.120,12.0,1
2026-07-14 02:19:14,4016.72,4016.84,0.120,12.0,1
2026-07-14 02:19:19,4017.75,4017.87,0.120,12.0,1
2026-07-14 02:19:24,4017.88,4017.98,0.100,10.0,1
2026-07-14 02:19:29,4017.68,4017.75,0.070,7.0,1
2026-07-14 02:19:34,4017.42,4017.53,0.110,11.0,1
2026-07-14 02:19:39,4017.93,4018.02,0.090,9.0,1
2026-07-14 02:19:44,4017.97,4018.02,0.050,5.0,1
2026-07-14 02:19:49,4018.04,4018.11,0.070,7.0,1
2026-07-14 02:19:54,4017.95,4018.00,0.050,5.0,1
2026-07-14 02:19:59,4018.16,4018.21,0.050,5.0,1
2026-07-14 02:20:04,4018.20,4018.26,0.060,6.0,1
2026-07-14 02:20:09,4017.63,4017.71,0.080,8.0,1
2026-07-14 02:20:14,4016.80,4016.92,0.120,12.0,1
2026-07-14 02:20:19,4016.50,4016.59,0.090,9.0,1
2026-07-14 02:20:24,4016.50,4016.55,0.050,5.0,1
2026-07-14 02:20:29,4016.94,4017.06,0.120,12.0,1
2026-07-14 02:20:34,4016.38,4016.50,0.120,12.0,1
2026-07-14 02:20:39,4016.55,4016.67,0.120,12.0,1
2026-07-14 02:20:44,4016.66,4016.71,0.050,5.0,1
2026-07-14 02:20:49,4016.66,4016.71,0.050,5.0,1
2026-07-14 02:20:54,4017.71,4017.83,0.120,12.0,1
2026-07-14 02:20:59,4017.14,4017.26,0.120,12.0,1
2026-07-14 02:21:04,4017.00,4017.12,0.120,12.0,1
2026-07-14 02:21:09,4016.81,4016.87,0.060,6.0,1
2026-07-14 02:21:14,4016.92,4017.01,0.090,9.0,1
2026-07-14 02:21:19,4016.34,4016.46,0.120,12.0,1
2026-07-14 02:21:24,4016.71,4016.76,0.050,5.0,1
2026-07-14 02:21:29,4016.26,4016.33,0.070,7.0,1
2026-07-14 02:21:34,4015.77,4015.85,0.080,8.0,1
2026-07-14 02:21:39,4016.86,4016.98,0.120,12.0,1
2026-07-14 02:21:44,4017.11,4017.23,0.120,12.0,1
2026-07-14 02:21:49,4017.14,4017.22,0.080,8.0,1
2026-07-14 02:21:54,4016.88,4017.00,0.120,12.0,1
2026-07-14 02:21:59,4016.68,4016.77,0.090,9.0,1
2026-07-14 02:22:04,4016.99,4017.11,0.120,12.0,1
2026-07-14 02:22:09,4016.94,4016.99,0.050,5.0,1
2026-07-14 02:22:14,4016.68,4016.73,0.050,5.0,1
2026-07-14 02:22:19,4016.06,4016.18,0.120,12.0,1
2026-07-14 02:22:24,4016.47,4016.59,0.120,12.0,1
2026-07-14 02:22:29,4016.45,4016.54,0.090,9.0,1
2026-07-14 02:22:34,4017.20,4017.32,0.120,12.0,1
2026-07-14 02:22:39,4017.11,4017.20,0.090,9.0,1
2026-07-14 02:22:44,4016.52,4016.64,0.120,12.0,1
2026-07-14 02:22:49,4016.32,4016.44,0.120,12.0,1
2026-07-14 02:22:54,4016.33,4016.38,0.050,5.0,1
2026-07-14 02:22:59,4015.63,4015.69,0.060,6.0,1
2026-07-14 02:23:04,4015.64,4015.69,0.050,5.0,1
2026-07-14 02:23:09,4015.75,4015.80,0.050,5.0,1
2026-07-14 02:23:14,4015.86,4015.91,0.050,5.0,1
2026-07-14 02:23:19,4015.63,4015.68,0.050,5.0,1
2026-07-14 02:23:24,4015.72,4015.84,0.120,12.0,1
2026-07-14 02:23:29,4016.25,4016.37,0.120,12.0,1
2026-07-14 02:23:34,4016.10,4016.20,0.100,10.0,1
2026-07-14 02:23:39,4015.55,4015.67,0.120,12.0,1
2026-07-14 02:23:44,4015.52,4015.61,0.090,9.0,1
2026-07-14 02:23:49,4015.47,4015.52,0.050,5.0,1
2026-07-14 02:23:54,4015.55,4015.67,0.120,12.0,1
2026-07-14 02:23:59,4016.07,4016.19,0.120,12.0,1
2026-07-14 02:24:04,4015.99,4016.08,0.090,9.0,1
2026-07-14 02:24:09,4015.29,4015.41,0.120,12.0,1
2026-07-14 02:24:14,4015.43,4015.48,0.050,5.0,1
2026-07-14 02:24:19,4015.44,4015.49,0.050,5.0,1
2026-07-14 02:24:24,4015.44,4015.49,0.050,5.0,1
2026-07-14 02:24:29,4015.43,4015.48,0.050,5.0,1
2026-07-14 02:24:34,4014.52,4014.64,0.120,12.0,1
2026-07-14 02:24:39,4014.68,4014.80,0.120,12.0,1
2026-07-14 02:24:44,4014.72,4014.77,0.050,5.0,1
2026-07-14 02:24:49,4014.94,4015.04,0.100,10.0,1
2026-07-14 02:24:54,4014.70,4014.82,0.120,12.0,1
2026-07-14 02:24:59,4014.58,4014.66,0.080,8.0,1
2026-07-14 02:25:04,4014.61,4014.66,0.050,5.0,1
2026-07-14 02:25:09,4014.60,4014.72,0.120,12.0,1
2026-07-14 02:25:14,4014.28,4014.34,0.060,6.0,1
2026-07-14 02:25:19,4013.91,4013.98,0.070,7.0,1
2026-07-14 02:25:24,4014.24,4014.36,0.120,12.0,1
2026-07-14 02:25:29,4014.51,4014.62,0.110,11.0,1
2026-07-14 02:25:34,4014.31,4014.36,0.050,5.0,1
2026-07-14 02:25:39,4014.44,4014.52,0.080,8.0,1
2026-07-14 02:25:44,4014.37,4014.42,0.050,5.0,1
2026-07-14 02:25:49,4014.43,4014.48,0.050,5.0,1
2026-07-14 02:25:54,4014.82,4014.94,0.120,12.0,1
2026-07-14 02:25:59,4014.88,4015.00,0.120,12.0,1
2026-07-14 02:26:04,4014.84,4014.95,0.110,11.0,1
2026-07-14 02:26:09,4014.56,4014.62,0.060,6.0,1
2026-07-14 02:26:14,4014.82,4014.87,0.050,5.0,1
2026-07-14 02:26:19,4014.92,4014.97,0.050,5.0,1
2026-07-14 02:26:24,4015.20,4015.25,0.050,5.0,1
2026-07-14 02:26:29,4015.15,4015.23,0.080,8.0,1
2026-07-14 02:26:34,4015.34,4015.39,0.050,5.0,1
2026-07-14 02:26:39,4015.34,4015.43,0.090,9.0,1
2026-07-14 02:26:44,4015.30,4015.35,0.050,5.0,1
2026-07-14 02:26:49,4015.28,4015.33,0.050,5.0,1
2026-07-14 02:26:54,4014.69,4014.81,0.120,12.0,1
2026-07-14 02:26:59,4014.84,4014.89,0.050,5.0,1
2026-07-14 02:27:04,4015.10,4015.21,0.110,11.0,1
2026-07-14 02:27:09,4016.01,4016.13,0.120,12.0,1
2026-07-14 02:27:14,4015.57,4015.69,0.120,12.0,1
2026-07-14 02:27:19,4015.54,4015.62,0.080,8.0,1
2026-07-14 02:27:24,4015.36,4015.47,0.110,11.0,1
2026-07-14 02:27:29,4014.85,4014.97,0.120,12.0,1
2026-07-14 02:27:34,4014.90,4015.02,0.120,12.0,1
2026-07-14 02:27:39,4015.00,4015.07,0.070,7.0,1
2026-07-14 02:27:44,4014.97,4015.02,0.050,5.0,1
2026-07-14 02:27:49,4015.19,4015.24,0.050,5.0,1
2026-07-14 02:27:54,4016.69,4016.81,0.120,12.0,1
2026-07-14 02:27:59,4016.66,4016.78,0.120,12.0,1
2026-07-14 02:28:04,4016.13,4016.25,0.120,12.0,1
2026-07-14 02:28:09,4016.55,4016.64,0.090,9.0,1
2026-07-14 02:28:14,4016.34,4016.39,0.050,5.0,1
2026-07-14 02:28:19,4016.52,4016.57,0.050,5.0,1
2026-07-14 02:28:24,4017.03,4017.13,0.100,10.0,1
2026-07-14 02:28:29,4017.20,4017.25,0.050,5.0,1
2026-07-14 02:28:34,4017.17,4017.23,0.060,6.0,1
2026-07-14 02:28:39,4017.24,4017.29,0.050,5.0,1
2026-07-14 02:28:44,4017.42,4017.49,0.070,7.0,1
2026-07-14 02:28:49,4017.38,4017.45,0.070,7.0,1
2026-07-14 02:28:54,4017.73,4017.78,0.050,5.0,1
2026-07-14 02:28:59,4017.85,4017.97,0.120,12.0,1
2026-07-14 02:29:04,4017.77,4017.89,0.120,12.0,1
2026-07-14 02:29:09,4017.25,4017.35,0.100,10.0,1
2026-07-14 02:29:14,4016.77,4016.89,0.120,12.0,1
2026-07-14 02:29:19,4017.20,4017.32,0.120,12.0,1
2026-07-14 02:29:24,4017.08,4017.20,0.120,12.0,1
2026-07-14 02:29:29,4016.97,4017.09,0.120,12.0,1
2026-07-14 02:29:34,4017.02,4017.08,0.060,6.0,1
2026-07-14 02:29:39,4017.12,4017.17,0.050,5.0,1
2026-07-14 02:29:44,4017.10,4017.15,0.050,5.0,1
2026-07-14 02:29:49,4017.12,4017.17,0.050,5.0,1
2026-07-14 02:29:54,4017.53,4017.59,0.060,6.0,1
2026-07-14 02:29:59,4017.81,4017.86,0.050,5.0,1
2026-07-14 02:30:04,4018.00,4018.12,0.120,12.0,1
2026-07-14 02:30:09,4017.88,4018.00,0.120,12.0,1
2026-07-14 02:30:14,4018.85,4018.97,0.120,12.0,1
2026-07-14 02:30:19,4018.47,4018.58,0.110,11.0,1
2026-07-14 02:30:24,4018.60,4018.72,0.120,12.0,1
2026-07-14 02:30:29,4018.47,4018.52,0.050,5.0,1
2026-07-14 02:30:34,4018.99,4019.05,0.060,6.0,1
2026-07-14 02:30:39,4018.68,4018.80,0.120,12.0,1
2026-07-14 02:30:44,4017.39,4017.51,0.120,12.0,1
2026-07-14 02:30:49,4016.70,4016.82,0.120,12.0,1
2026-07-14 02:30:54,4016.35,4016.47,0.120,12.0,1
2026-07-14 02:30:59,4016.29,4016.39,0.100,10.0,1
2026-07-14 02:31:04,4016.67,4016.72,0.050,5.0,1
2026-07-14 02:31:09,4016.47,4016.53,0.060,6.0,1
2026-07-14 02:31:14,4015.98,4016.07,0.090,9.0,1
2026-07-14 02:31:19,4015.79,4015.89,0.100,10.0,1
2026-07-14 02:31:24,4015.59,4015.65,0.060,6.0,1
2026-07-14 02:31:29,4015.69,4015.74,0.050,5.0,1
2026-07-14 02:31:34,4015.52,4015.58,0.060,6.0,1
2026-07-14 02:31:39,4015.51,4015.56,0.050,5.0,1
2026-07-14 02:31:44,4015.57,4015.64,0.070,7.0,1
2026-07-14 02:31:49,4016.14,4016.19,0.050,5.0,1
2026-07-14 02:31:54,4016.07,4016.16,0.090,9.0,1
2026-07-14 02:31:59,4016.98,4017.10,0.120,12.0,1
2026-07-14 02:32:04,4017.24,4017.36,0.120,12.0,1
2026-07-14 02:32:09,4017.59,4017.64,0.050,5.0,1
2026-07-14 02:32:14,4017.41,4017.51,0.100,10.0,1
2026-07-14 02:32:19,4017.87,4017.98,0.110,11.0,1
2026-07-14 02:32:24,4017.87,4017.99,0.120,12.0,1
2026-07-14 02:32:29,4017.97,4018.09,0.120,12.0,1
2026-07-14 02:32:34,4017.73,4017.78,0.050,5.0,1
2026-07-14 02:32:39,4017.23,4017.28,0.050,5.0,1
2026-07-14 02:32:44,4017.23,4017.35,0.120,12.0,1
2026-07-14 02:32:49,4017.37,4017.49,0.120,12.0,1
2026-07-14 02:32:54,4017.37,4017.44,0.070,7.0,1
2026-07-14 02:32:59,4017.49,4017.61,0.120,12.0,1
2026-07-14 02:33:04,4017.56,4017.61,0.050,5.0,1
2026-07-14 02:33:09,4017.15,4017.27,0.120,12.0,1
2026-07-14 02:33:14,4016.54,4016.66,0.120,12.0,1
2026-07-14 02:33:19,4016.48,4016.55,0.070,7.0,1
2026-07-14 02:33:24,4016.27,4016.32,0.050,5.0,1
2026-07-14 02:33:29,4016.29,4016.34,0.050,5.0,1
2026-07-14 02:33:34,4016.17,4016.29,0.120,12.0,1
2026-07-14 02:33:39,4016.09,4016.15,0.060,6.0,1
2026-07-14 02:33:44,4015.84,4015.89,0.050,5.0,1
2026-07-14 02:33:49,4015.89,4015.94,0.050,5.0,1
2026-07-14 02:33:54,4015.11,4015.23,0.120,12.0,1
2026-07-14 02:33:59,4015.11,4015.23,0.120,12.0,1
2026-07-14 02:34:04,4015.37,4015.48,0.110,11.0,1
2026-07-14 02:34:09,4015.21,4015.26,0.050,5.0,1
2026-07-14 02:34:14,4015.12,4015.17,0.050,5.0,1
2026-07-14 02:34:19,4015.19,4015.24,0.050,5.0,1
2026-07-14 02:34:24,4014.87,4014.92,0.050,5.0,1
2026-07-14 02:34:29,4014.61,4014.68,0.070,7.0,1
2026-07-14 02:34:34,4014.39,4014.44,0.050,5.0,1
2026-07-14 02:34:39,4014.39,4014.44,0.050,5.0,1
2026-07-14 02:34:44,4014.52,4014.60,0.080,8.0,1
2026-07-14 02:34:49,4014.13,4014.25,0.120,12.0,1
2026-07-14 02:34:54,4013.82,4013.92,0.100,10.0,1
2026-07-14 02:34:59,4013.95,4014.05,0.100,10.0,1
2026-07-14 02:35:04,4014.15,4014.26,0.110,11.0,1
2026-07-14 02:35:09,4014.14,4014.22,0.080,8.0,1
2026-07-14 02:35:14,4013.18,4013.30,0.120,12.0,1
2026-07-14 02:35:19,4013.54,4013.66,0.120,12.0,1
2026-07-14 02:35:24,4013.66,4013.78,0.120,12.0,1
2026-07-14 02:35:29,4014.14,4014.24,0.100,10.0,1
2026-07-14 02:35:34,4014.32,4014.43,0.110,11.0,1
2026-07-14 02:35:39,4014.12,4014.24,0.120,12.0,1
2026-07-14 02:35:44,4014.31,4014.36,0.050,5.0,1
2026-07-14 02:35:49,4014.32,4014.44,0.120,12.0,1
2026-07-14 02:35:54,4014.86,4014.98,0.120,12.0,1
2026-07-14 02:35:59,4014.63,4014.74,0.110,11.0,1
2026-07-14 02:36:04,4014.74,4014.79,0.050,5.0,1
2026-07-14 02:36:09,4014.44,4014.53,0.090,9.0,1
2026-07-14 02:36:14,4014.78,4014.90,0.120,12.0,1
2026-07-14 02:36:19,4014.66,4014.78,0.120,12.0,1
2026-07-14 02:36:24,4014.84,4014.89,0.050,5.0,1
2026-07-14 02:36:29,4014.98,4015.03,0.050,5.0,1
2026-07-14 02:36:34,4015.29,4015.34,0.050,5.0,1
2026-07-14 02:36:39,4015.30,4015.35,0.050,5.0,1
2026-07-14 02:36:44,4015.29,4015.34,0.050,5.0,1
2026-07-14 02:36:49,4015.09,4015.14,0.050,5.0,1
2026-07-14 02:36:54,4015.27,4015.34,0.070,7.0,1
2026-07-14 02:36:59,4015.00,4015.11,0.110,11.0,1
2026-07-14 02:37:04,4014.97,4015.05,0.080,8.0,1
2026-07-14 02:37:09,4014.98,4015.03,0.050,5.0,1
2026-07-14 02:37:14,4014.88,4014.94,0.060,6.0,1
2026-07-14 02:37:19,4014.78,4014.83,0.050,5.0,1
2026-07-14 02:37:24,4014.65,4014.70,0.050,5.0,1
2026-07-14 02:37:29,4014.68,4014.73,0.050,5.0,1
2026-07-14 02:37:34,4014.70,4014.75,0.050,5.0,1
2026-07-14 02:37:39,4014.73,4014.78,0.050,5.0,1
2026-07-14 02:37:44,4014.45,4014.53,0.080,8.0,1
2026-07-14 02:37:49,4014.22,4014.33,0.110,11.0,1
2026-07-14 02:37:54,4013.72,4013.84,0.120,12.0,1
2026-07-14 02:37:59,4013.76,4013.88,0.120,12.0,1
2026-07-14 02:38:04,4012.97,4013.09,0.120,12.0,1
2026-07-14 02:38:09,4013.11,4013.23,0.120,12.0,1
2026-07-14 02:38:14,4013.87,4013.99,0.120,12.0,1
2026-07-14 02:38:19,4013.77,4013.89,0.120,12.0,1
2026-07-14 02:38:24,4013.72,4013.84,0.120,12.0,1
2026-07-14 02:38:29,4013.44,4013.54,0.100,10.0,1
2026-07-14 02:38:34,4013.35,4013.44,0.090,9.0,1
2026-07-14 02:38:39,4013.67,4013.77,0.100,10.0,1
2026-07-14 02:38:44,4013.30,4013.40,0.100,10.0,1
2026-07-14 02:38:49,4013.22,4013.30,0.080,8.0,1
2026-07-14 02:38:54,4013.26,4013.32,0.060,6.0,1
2026-07-14 02:38:59,4013.11,4013.16,0.050,5.0,1
2026-07-14 02:39:04,4013.05,4013.11,0.060,6.0,1
2026-07-14 02:39:09,4013.22,4013.29,0.070,7.0,1
2026-07-14 02:39:14,4013.23,4013.29,0.060,6.0,1
2026-07-14 02:39:19,4013.22,4013.27,0.050,5.0,1
2026-07-14 02:39:24,4014.00,4014.10,0.100,10.0,1
2026-07-14 02:39:29,4014.02,4014.09,0.070,7.0,1
2026-07-14 02:39:34,4014.24,4014.30,0.060,6.0,1
2026-07-14 02:39:39,4014.01,4014.06,0.050,5.0,1
2026-07-14 02:39:44,4013.71,4013.79,0.080,8.0,1
2026-07-14 02:39:49,4013.76,4013.83,0.070,7.0,1
2026-07-14 02:39:54,4014.06,4014.13,0.070,7.0,1
2026-07-14 02:39:59,4013.92,4013.99,0.070,7.0,1
2026-07-14 02:40:04,4014.34,4014.44,0.100,10.0,1
2026-07-14 02:40:09,4013.93,4014.05,0.120,12.0,1
2026-07-14 02:40:14,4014.06,4014.15,0.090,9.0,1
2026-07-14 02:40:19,4014.32,4014.42,0.100,10.0,1
2026-07-14 02:40:24,4013.80,4013.92,0.120,12.0,1
2026-07-14 02:40:29,4014.09,4014.19,0.100,10.0,1
2026-07-14 02:40:34,4014.16,4014.27,0.110,11.0,1
2026-07-14 02:40:39,4014.46,4014.58,0.120,12.0,1
2026-07-14 02:40:44,4014.74,4014.84,0.100,10.0,1
2026-07-14 02:40:49,4014.83,4014.93,0.100,10.0,1
2026-07-14 02:40:54,4015.08,4015.19,0.110,11.0,1
2026-07-14 02:40:59,4015.04,4015.16,0.120,12.0,1
2026-07-14 02:41:04,4015.32,4015.44,0.120,12.0,1
2026-07-14 02:41:09,4015.13,4015.25,0.120,12.0,1
2026-07-14 02:41:14,4015.02,4015.14,0.120,12.0,1
2026-07-14 02:41:19,4015.02,4015.13,0.110,11.0,1
2026-07-14 02:41:24,4016.01,4016.13,0.120,12.0,1
2026-07-14 02:41:29,4016.08,4016.20,0.120,12.0,1
2026-07-14 02:41:34,4015.98,4016.10,0.120,12.0,1
2026-07-14 02:41:39,4015.66,4015.73,0.070,7.0,1
2026-07-14 02:41:44,4014.97,4015.04,0.070,7.0,1
2026-07-14 02:41:49,4015.41,4015.50,0.090,9.0,1
2026-07-14 02:41:54,4015.19,4015.29,0.100,10.0,1
2026-07-14 02:41:59,4015.17,4015.28,0.110,11.0,1
2026-07-14 02:42:04,4014.87,4014.93,0.060,6.0,1
2026-07-14 02:42:09,4014.31,4014.43,0.120,12.0,1
2026-07-14 02:42:14,4013.90,4014.02,0.120,12.0,1
2026-07-14 02:42:19,4013.09,4013.21,0.120,12.0,1
2026-07-14 02:42:24,4013.25,4013.34,0.090,9.0,1
2026-07-14 02:42:29,4013.00,4013.11,0.110,11.0,1
2026-07-14 02:42:34,4013.33,4013.45,0.120,12.0,1
2026-07-14 02:42:39,4012.32,4012.42,0.100,10.0,1
2026-07-14 02:42:44,4012.61,4012.73,0.120,12.0,1
2026-07-14 02:42:49,4012.32,4012.44,0.120,12.0,1
2026-07-14 02:42:54,4012.59,4012.69,0.100,10.0,1
2026-07-14 02:42:59,4012.40,4012.49,0.090,9.0,1
2026-07-14 02:43:04,4012.67,4012.73,0.060,6.0,1
2026-07-14 02:43:09,4012.43,4012.49,0.060,6.0,1
2026-07-14 02:43:14,4011.60,4011.72,0.120,12.0,1
2026-07-14 02:43:19,4011.77,4011.88,0.110,11.0,1
2026-07-14 02:43:24,4011.19,4011.25,0.060,6.0,1
2026-07-14 02:43:29,4011.18,4011.30,0.120,12.0,1
2026-07-14 02:43:34,4011.47,4011.59,0.120,12.0,1
2026-07-14 02:43:39,4011.77,4011.85,0.080,8.0,1
2026-07-14 02:43:44,4011.41,4011.49,0.080,8.0,1
2026-07-14 02:43:49,4011.41,4011.46,0.050,5.0,1
2026-07-14 02:43:54,4011.46,4011.51,0.050,5.0,1
2026-07-14 02:43:59,4011.40,4011.51,0.110,11.0,1
2026-07-14 02:44:04,4011.38,4011.48,0.100,10.0,1
2026-07-14 02:44:09,4011.38,4011.43,0.050,5.0,1
2026-07-14 02:44:14,4011.12,4011.17,0.050,5.0,1
2026-07-14 02:44:19,4011.02,4011.07,0.050,5.0,1
2026-07-14 02:44:24,4010.70,4010.75,0.050,5.0,1
2026-07-14 02:44:29,4011.29,4011.40,0.110,11.0,1
2026-07-14 02:44:34,4011.14,4011.24,0.100,10.0,1
2026-07-14 02:44:39,4011.10,4011.20,0.100,10.0,1
2026-07-14 02:44:44,4011.19,4011.30,0.110,11.0,1
2026-07-14 02:44:49,4011.05,4011.13,0.080,8.0,1
2026-07-14 02:44:54,4010.69,4010.74,0.050,5.0,1
2026-07-14 02:44:59,4010.79,4010.88,0.090,9.0,1
2026-07-14 02:45:04,4010.74,4010.86,0.120,12.0,1
2026-07-14 02:45:09,4010.79,4010.91,0.120,12.0,1
2026-07-14 02:45:14,4011.21,4011.33,0.120,12.0,1
2026-07-14 02:45:19,4011.61,4011.73,0.120,12.0,1
2026-07-14 02:45:24,4011.47,4011.53,0.060,6.0,1
2026-07-14 02:45:29,4011.53,4011.65,0.120,12.0,1
2026-07-14 02:45:34,4011.55,4011.63,0.080,8.0,1
2026-07-14 02:45:39,4011.49,4011.54,0.050,5.0,1
2026-07-14 02:45:44,4011.33,4011.38,0.050,5.0,1
2026-07-14 02:45:49,4011.14,4011.20,0.060,6.0,1
2026-07-14 02:45:54,4011.23,4011.31,0.080,8.0,1
2026-07-14 02:45:59,4010.96,4011.02,0.060,6.0,1
2026-07-14 02:46:04,4010.85,4010.96,0.110,11.0,1
2026-07-14 02:46:09,4011.39,4011.51,0.120,12.0,1
2026-07-14 02:46:14,4011.00,4011.12,0.120,12.0,1
2026-07-14 02:46:19,4011.07,4011.18,0.110,11.0,1
2026-07-14 02:46:24,4011.04,4011.16,0.120,12.0,1
2026-07-14 02:46:29,4010.80,4010.85,0.050,5.0,1
2026-07-14 02:46:34,4011.03,4011.15,0.120,12.0,1
2026-07-14 02:46:39,4011.37,4011.49,0.120,12.0,1
2026-07-14 02:46:44,4011.39,4011.45,0.060,6.0,1
2026-07-14 02:46:49,4011.37,4011.49,0.120,12.0,1
2026-07-14 02:46:54,4011.41,4011.46,0.050,5.0,1
2026-07-14 02:46:59,4011.45,4011.50,0.050,5.0,1
2026-07-14 02:47:04,4011.50,4011.55,0.050,5.0,1
2026-07-14 02:47:09,4011.38,4011.43,0.050,5.0,1
2026-07-14 02:47:14,4011.21,4011.31,0.100,10.0,1
2026-07-14 02:47:19,4011.28,4011.40,0.120,12.0,1
2026-07-14 02:47:24,4011.31,4011.39,0.080,8.0,1
2026-07-14 02:47:29,4011.40,4011.52,0.120,12.0,1
2026-07-14 02:47:34,4011.59,4011.70,0.110,11.0,1
2026-07-14 02:47:39,4012.15,4012.27,0.120,12.0,1
2026-07-14 02:47:44,4012.46,4012.58,0.120,12.0,1
2026-07-14 02:47:49,4012.54,4012.64,0.100,10.0,1
2026-07-14 02:47:54,4012.63,4012.75,0.120,12.0,1
2026-07-14 02:47:59,4011.93,4012.01,0.080,8.0,1
2026-07-14 02:48:04,4011.41,4011.53,0.120,12.0,1
2026-07-14 02:48:09,4010.97,4011.05,0.080,8.0,1
2026-07-14 02:48:14,4010.72,4010.82,0.100,10.0,1
2026-07-14 02:48:19,4010.44,4010.55,0.110,11.0,1
